@Book{xie_bookdown_2018,
  title = {Bookdown: {{Authoring Books}} and {{Technical Documents}} with {{R Markdown}}},
  author = {Y. Xie},
  year = {2018},
  note = {R package version 0.7},
}

@Book{xie_bookdown_2016,
  address = {Boca Raton, Florida},
  title = {Bookdown: {{Authoring Books}} and {{Technical Documents}} with {{R Markdown}}},
  publisher = {{Chapman and Hall/CRC}},
  author = {Y. Xie},
  year = {2016},
  note = {ISBN 978-1138700109},
}
