@Book{wickham_dplyr:_2015,
  location = {{net}},
  title = {Dplyr: {{A Grammar}} of {{Data Manipulation}}},
  url = {http://CRAN.R-project.org/package=dplyr},
  timestamp = {2016-09-23T13:34:47Z},
  author = {H. Wickham and R. Francois},
  date = {2016},
  note = {R package version 0.4.1},
  groups = {R und Statistik},
}
@Book{wickham_ggplot2:_2009,
  location = {{New York}},
  title = {Ggplot2: {{Elegant Graphics}} for {{Data Analysis}}},
  timestamp = {2016-09-23T13:32:01Z},
  author = {H. Wickham},
  date = {2009},
  groups = {R und Statistik},
}
@InCollection{renfrew_towards_1994,
  location = {{Cambridge [England] ; New York}},
  title = {Towards a Cognitive Archaeology},
  isbn = {978-0-521-45620-3 978-0-521-43488-1},
  abstract = {{"}Collection of articles seeks to define a scientific approach to prehistoric cognition. In an important paper, Marcus and Flannery look at the evolution of Zapotec religion and ritual and the transformation of Monte Alb√°n and the Zapotec state{"}--Handbook of Latin American Studies, v. 57},
  timestamp = {2017-06-20T14:50:54Z},
  booktitle = {The Ancient Mind: Elements of Cognitive Archaeology},
  series = {New directions in archaeology},
  publisher = {{Cambridge University Press}},
  author = {C. Renfrew},
  editor = {C. Renfrew and E. B. W. Zubrow},
  date = {1994},
  keywords = {Archaeology,Cognition and culture},
  groups = {Cognitive Archaeology},
}
