@book{harding_european_2000,
	address = {Cambridge},
	series = {Cambridge world archaeology},
	title = {European societies in the {Bronze} {Age}},
	isbn = {978-0-521-36729-5 978-0-521-36477-5},
	language = {eng},
	publisher = {Cambridge University Press},
	author = {Harding, A. F.},
	year = {2000},
	note = {OCLC: ocm41231471}
}
@InCollection{markova_slovakia_2013,
  address = {Oxford},
  edition = {1},
  series = {Oxford handbooks},
  title = {Slovakia and {{Hungary}}},
  isbn = {978-0-19-957286-1},
  lccn = {GN778.2.A1 O94 2013},
  booktitle = {The {{Oxford}} Handbook of the {{European Bronze Age}}},
  publisher = {{Oxford University Press}},
  author = {K. Markova and G. Ilon},
  editor = {H. Fokkens and A. F. Harding},
  year = {2013},
  keywords = {Southern Scandinavia},
  pages = {813-836},
  note = {00077},
}
