@Book{wickham_dplyr:_2015,
  location = {{net}},
  title = {Dplyr: {{A Grammar}} of {{Data Manipulation}}},
  url = {http://CRAN.R-project.org/package=dplyr},
  timestamp = {2016-09-23T13:34:47Z},
  author = {H. Wickham and R. Francois},
  date = {2016},
  note = {R package version 0.4.1},
  groups = {R und Statistik},
}
@Book{wickham_ggplot2:_2009,
  location = {{New York}},
  title = {Ggplot2: {{Elegant Graphics}} for {{Data Analysis}}},
  timestamp = {2016-09-23T13:32:01Z},
  author = {H. Wickham},
  date = {2009},
  groups = {R und Statistik},
}
@InCollection{renfrew_towards_1994,
  location = {{Cambridge [England] ; New York}},
  title = {Towards a Cognitive Archaeology},
  isbn = {978-0-521-45620-3 978-0-521-43488-1},
  abstract = {{"}Collection of articles seeks to define a scientific approach to prehistoric cognition. In an important paper, Marcus and Flannery look at the evolution of Zapotec religion and ritual and the transformation of Monte Alb√°n and the Zapotec state{"}--Handbook of Latin American Studies, v. 57},
  timestamp = {2017-06-20T14:50:54Z},
  booktitle = {The Ancient Mind: Elements of Cognitive Archaeology},
  series = {New directions in archaeology},
  publisher = {{Cambridge University Press}},
  author = {C. Renfrew},
  editor = {C. Renfrew and E. B. W. Zubrow},
  date = {1994},
  keywords = {Archaeology,Cognition and culture},
  groups = {Cognitive Archaeology},
}
@Article{SmithThreestylesevolutionary2000,
  title = {Three Styles in the Evolutionary Analysis of Human Behavior},
  journaltitle = {Adaptation and human behavior: An anthropological perspective},
  shortjournal = {Adaptation and human behavior: An anthropological perspective},
  author = {Eric Alden Smith},
  date = {2000},
  pages = {27--46},
}
@Book{ShennanGenesmemeshuman2002,
  location = {{London}},
  title = {Genes, Memes, and Human History: {{Darwinian}} Archaeology and Cultural Evolution},
  isbn = {978-0-500-05118-4},
  shorttitle = {Genes, Memes, and Human History},
  pagetotal = {304},
  publisher = {{Thames \& Hudson}},
  author = {Stephen Shennan},
  date = {2002},
  keywords = {Evolution (Biology),Evolutionary genetics,Human evolution,Human population genetics,Social evolution},
  note = {OCLC: ocm51975092},
}
@Book{Mithenprehistorymindsearch1996,
  langid = {english},
  location = {{London}},
  title = {The Prehistory of the Mind: A Search for the Origins of Art, Religion, and Science},
  isbn = {978-0-500-05081-1},
  shorttitle = {The Prehistory of the Mind},
  publisher = {{Thames and Hudson}},
  author = {Steven J Mithen},
  date = {1996},
  note = {OCLC: 35825024},
}
@Book{Darwinoriginspeciesmeans1859,
  langid = {english},
  location = {{London}},
  title = {On the Origin of Species by Means of Natural Selection, or, the Preservation of Favoured Races in the Struggle for Life},
  publisher = {{J. Murray}},
  author = {Charles Darwin},
  date = {1859},
  note = {OCLC: 7897536},
}
@Book{Darwindescentmanselection1871,
  langid = {english},
  location = {{London}},
  title = {The Descent of Man, and Selection in Relation to Sex.},
  publisher = {{J. Murray}},
  author = {Charles Darwin},
  date = {1871},
  note = {OCLC: 39301709},
}
@Book{WilsonSociobiologynewsynthesis1975,
  langid = {english},
  location = {{Cambridge, Mass.}},
  title = {Sociobiology: The New Synthesis},
  isbn = {978-0-674-81621-3},
  shorttitle = {Sociobiology},
  publisher = {{Belknap Press of Harvard University Press}},
  author = {Edward O Wilson},
  date = {1975},
  note = {OCLC: 1368872},
}
@Book{Dawkinsselfishgene1976,
  langid = {english},
  location = {{New York}},
  title = {The Selfish Gene},
  isbn = {978-0-19-857519-1},
  publisher = {{Oxford University Press}},
  author = {Richard Dawkins},
  date = {1976},
  note = {OCLC: 2681149},
}
@Book{bowler_evolution_1989,
  langid = {english},
  title = {Evolution: {{The History}} of an {{Idea}}},
  isbn = {978-0-520-06386-0},
  shorttitle = {Evolution},
  abstract = {Peter J. Bowler's comprehensive, fascinating account of the history of evolutionary theories introduces specialist and nonspecialist alike to one of the most potent scientific ideas of modern times. This new edition is updated in its content and includes an augmented bibliography that offers an unparalleled guide to further reading. As in the original edition, Bowler's even-handed approach not only clarifies the history of his controversial subject but also adds significantly to our understanding of contemporary debates over it. The idea of evolution continues to evolve.},
  pagetotal = {452},
  publisher = {{University of California Press}},
  author = {Peter J. Bowler},
  date = {1989},
  eprinttype = {googlebooks},
}
@Book{petermann_geschichte_2004,
  location = {{Wuppertal}},
  title = {Die {{Geschichte}} Der {{Ethnologie}}},
  isbn = {978-3-87294-930-1},
  pagetotal = {1095},
  publisher = {{Hammer}},
  author = {Werner Petermann},
  date = {2004},
  keywords = {*Ethnologie / Geschichte,*Ethnology -- Philosophy},
  file = {/home/clemens/.mozilla/firefox/manjaro.default/zotero/storage/D533ZUE3/PPNSET.html},
}
@Book{Dawkinsselfishgene40th2016,
  location = {{New York, NY}},
  title = {The Selfish Gene: 40th Anniversary Edition},
  isbn = {978-0-19-878860-7},
  shorttitle = {The Selfish Gene},
  publisher = {{Oxford University Press}},
  date = {2016},
  author = {Richard Dawkins},
}
@Legislation{_iso/iec_2017,
  title = {{{ISO}}/{{IEC}} 14882:2017},
  number = {ISO/IEC 14882:2017},
  date = {2017},
}
@Misc{jutta_kneisel_radon-b_2013,
  title = {Radon-{{B}}},
  url = {http://radon-b.ufg.uni-kiel.de.},
  date = {2013},
  author = {{Jutta Kneisel} and {Martin Hinz} and {Christoph Rinne}},
}
@Book{dawkins_god_2006,
  langid = {english},
  title = {The {{God}} Delusion},
  isbn = {978-0-618-68000-9 978-0-618-91824-9},
  abstract = {A preeminent scientist asserts the irrationality of belief in God and the grievous harm religion has inflicted on society from the Crusades to 9/11. He critiques God in all his forms, from the sex-obsessed tyrant of the Old Testament to the more benign (but still illogical) Celestial Watchmaker favored by some Enlightenment thinkers. He eviscerates the major arguments for religion and demonstrates the supreme improbability of a supreme being. He shows how religion fuels war, foments bigotry, and abuses children, buttressing his points with historical and contemporary evidence. In so doing, he makes a compelling case that belief in God is not just irrational, but potentially deadly. Dawkins has fashioned an impassioned, rigorous rebuttal to religion, to be embraced by anyone who sputters at the inconsistencies and cruelties that riddle the Bible, bristles at the inanity of {"}intelligent design,{"} or agonizes over fundamentalism in the Middle East--or Middle America.--From publisher description.},
  date = {2006},
  author = {Richard Dawkins},
  note = {OCLC: 68965666},
}
@book{blackmore_macht_2000,
	address = {Heidelberg},
	title = {Die {Macht} der {Meme} oder die {Evolution} von {Kultur} und {Geist}},
	isbn = {978-3-8274-1002-3},
	language = {ger},
	publisher = {Spektrum Akad. Verl},
	author = {Blackmore, Susan and Dawkins, Richard},
	year = {2000},
	note = {OCLC: 76154201}
}
@book{blackmore_meme_1999,
	address = {Oxford [England]; New York},
	title = {The meme machine},
	isbn = {0-19-850365-2 978-0-19-850365-1},
	abstract = {Uniquely among animals, humans are capable of imitation and so can copy from one another ideas, habits, skills, behaviors, inventions, songs and stories. These are all memes, a term first coined by Richard Dawkins in 1976. According to memetic theory, memes, like genes, are replicators, competing to get into as many brains as possible, and this memetic competition has fashioned our minds and culture, just as natural selection has designed our bodies. Can the analogy between memes and genes lead us to powerful new theories that actually explain anything important? This book ends by confronting the deepest questions of all about ourselves: the nature of the inner self, the part of us that is the centre of our consciousness, that feels emotions, has memories, holds beliefs and makes decisions. Author Blackmore contends that this inner self is an illusion, a creation of the memes for the sake of their own replication.--From publisher description.},
	language = {English},
	publisher = {Oxford University Press},
	author = {Blackmore, Susan J.},
	year = {1999}
}
@article{edmonds_modelling_1998,
	title = {On {Modelling} in {Memetics}},
	volume = {2},
	journal = {Journal of Memetics},
	author = {Edmonds, Bruce},
	year = {1998}
}

@Book{SpencerHerbertSpencerPrinciples1898,
  address = {New York},
  title = {Herbert {{Spencer}}, {{The Principles}} of {{Sociology}}, in {{Three Volumes}}},
  publisher = {{D. Appleton and Company}},
  author = {Herbert Spencer},
  year = {1898},
}
@Book{LudwigGumplowiczGrundrissSoziologie1885,
  address = {Wien},
  title = {Grundriss Der {{Soziologie}}},
  author = {{Ludwig Gumplowicz}},
  year = {1885},
}
@Book{GumplowiczGrundrissSoziologie1885,
  address = {Wien},
  title = {Grundriss Der {{Soziologie}}},
  author = {Ludwig Gumplowicz},
  year = {1885},
}
@Book{wittfogel_oriental_1957,
  address = {New York},
  title = {Oriental Despotism; a Comparative Study of Total Power},
  publisher = {{Random House}},
  author = {Karl Wittfogel},
  year = {1957},
}
@Book{childe_dawn_1925,
  address = {London},
  title = {The Dawn of European Civilization},
  author = {Vere Gordon Childe},
  year = {1925},
}
@Book{childe_man_1936,
  address = {London},
  title = {Man Makes Himself},
  author = {Vere Gordon Childe},
  year = {1936},
}
@Book{childe_social_1951,
  address = {London},
  title = {Social Evolution},
  author = {Vere Gordon Childe},
  year = {1951},
}
@Book{murdock_social_1949,
  address = {New York},
  title = {Social Structure},
  author = {George Murdock},
  year = {1949},
}
@Article{white_energy_1943,
  title = {Energy and the Evolution of Cultures},
  volume = {45},
  issn = {1548-1433},
  doi = {10.1525/aa.1943.45.3.02a00010},
  number = {3},
  journal = {American Anthropologist},
  author = {Leslie A. White},
  year = {1943},
  pages = {335--356},
  publisher = {{Blackwell Publishing Ltd}},
}
@Book{white_science_1949,
  address = {New York},
  title = {The Science of Culture, a Study of Man and Civilization},
  lccn = {SRLF\_UCLA:LAGE-3581735},
  language = {eng},
  publisher = {{Grove Press}},
  author = {Leslie White},
  year = {1949},
  keywords = {Culture},
}
@Article{feldman_cultural_1976,
  title = {Cultural and Biological Evolutionary Processes, Selection for a Trait under Complex Transmission},
  volume = {9},
  issn = {0040-5809},
  doi = {10.1016/0040-5809(76)90047-2},
  number = {2},
  journal = {Theoretical Population Biology},
  author = {Marcus W. Feldman and L. L. Cavalli-Sforza},
  year = {1976},
  pages = {238--259}
}
@Article{feldman_models_1975,
  title = {Models for Cultural Inheritance: A General Linear Model},
  volume = {2},
  issn = {0301-4460},
  shorttitle = {Models for Cultural Inheritance},
  doi = {10.1080/03014467500000791},
  number = {3},
  journal = {Annals of Human Biology},
  author = {Marcus W. Feldman and L. L. Cavalli-Sforza},
  year = {1975},
  pages = {215--226}
}
@Article{cavalli-sforza_models_1973,
  title = {Models for Cultural Inheritance {{I}}. {{Group}} Mean and within Group Variation},
  volume = {4},
  issn = {0040-5809},
  doi = {10.1016/0040-5809(73)90005-1},
  number = {1},
  journal = {Theoretical Population Biology},
  author = {L. Cavalli-Sforza and Marcus W. Feldman},
  year = {1973},
  pages = {42--55}
}
@Article{creanza_cultural_2017,
  title = {Cultural Evolutionary Theory: {{How}} Culture Evolves and Why It Matters},
  copyright = {\textcopyright{}  . http://www.pnas.org/site/misc/userlicense.xhtml},
  issn = {0027-8424, 1091-6490},
  shorttitle = {Cultural Evolutionary Theory},
  doi = {10.1073/pnas.1620732114},
  language = {en},
  journal = {Proceedings of the National Academy of Sciences},
  author = {Nicole Creanza and Oren Kolodny and Marcus W. Feldman},
  year = {2017},
  keywords = {cultural evolution,demography,gene‚Äìculture coevolution,mathematical models,niche construction},
  pages = {201620732}
}
@Article{alland_cultural_1972,
  title = {Cultural Evolution: The {{Darwinian}} Model},
  volume = {19},
  issn = {0037-766X},
  shorttitle = {Cultural Evolution},
  language = {eng},
  number = {3},
  journal = {Social Biology},
  author = {A. Alland},
  year = {1972},
  keywords = {Adaptation; Biological,Anthropology,Biological Evolution,Culture,Humans,Models; Theoretical},
  pages = {227--239},
  pmid = {4658238},
}
@Article{blum_uncertainty_1978,
  title = {Uncertainty in {{Interplay}} of {{Biological}} and {{Cultural Evolution}}: {{Man}}'s {{View}} of {{Himself}}},
  volume = {53},
  issn = {0033-5770},
  shorttitle = {Uncertainty in {{Interplay}} of {{Biological}} and {{Cultural Evolution}}},
  doi = {10.1086/410334},
  number = {1},
  journal = {The Quarterly Review of Biology},
  author = {Harold F. Blum},
  year = {1978},
  pages = {29--40},
}
@Article{mesoudi_pursuing_2017,
  title = {Pursuing {{Darwin}}'s Curious Parallel: {{Prospects}} for a Science of Cultural Evolution},
  issn = {0027-8424, 1091-6490},
  shorttitle = {Pursuing {{Darwin}}'s Curious Parallel},
  doi = {10.1073/pnas.1620741114},
  language = {en},
  journal = {Proceedings of the National Academy of Sciences},
  author = {Alex Mesoudi},
  month = {jul},
  year = {2017},
  keywords = {cultural evolution,cumulative culture,gene‚Äìculture coevolution,human evolution,social learning},
  pages = {201620741},
  pmid = {28739929},
}
@Article{henrich_demography_2004,
  title = {Demography and {{Cultural Evolution}}: {{How Adaptive Cultural Processes Can Produce Maladaptive Losses}}\textemdash{}{{The Tasmanian Case}}},
  volume = {69},
  issn = {0002-7316, 2325-5064},
  shorttitle = {Demography and {{Cultural Evolution}}},
  doi = {10.2307/4128416},
  language = {en},
  number = {2},
  journal = {American Antiquity},
  author = {Joseph Henrich},
  month = {apr},
  year = {2004},
  pages = {197--214},
}

@Article{henrich_understanding_2016,
  title = {Understanding Cumulative Cultural Evolution},
  volume = {113},
  issn = {0027-8424, 1091-6490},
  doi = {10.1073/pnas.1610005113},
  language = {en},
  number = {44},
  journal = {Proceedings of the National Academy of Sciences},
  author = {Joseph Henrich and Robert Boyd and Maxime Derex and Michelle A. Kline and Alex Mesoudi and Michael Muthukrishna and Adam T. Powell and Stephen J. Shennan and Mark G. Thomas},
  month = {nov},
  year = {2016},
  pages = {E6724--E6725},
  pmid = {27791123},
}

@Article{vaesen_population_2016,
  title = {Population Size Does Not Explain Past Changes in Cultural Complexity},
  volume = {113},
  copyright = {\textcopyright{}  . Freely available online through the PNAS open access option.},
  issn = {0027-8424, 1091-6490},
  doi = {10.1073/pnas.1520288113},
  language = {en},
  number = {16},
  journal = {Proceedings of the National Academy of Sciences},
  author = {Krist Vaesen and Mark Collard and Richard Cosgrove and Wil Roebroeks},
  month = {apr},
  year = {2016},
  keywords = {cultural complexity,cultural evolution,demography,Tasmania,Upper Paleolithic transition},
  pages = {E2241--E2247},
  pmid = {27044082},
}

@Article{collard_population_2013,
  title = {Population {{Size}} and {{Cultural Evolution}} in {{Nonindustrial Food}}-{{Producing Societies}}},
  volume = {8},
  issn = {1932-6203},
  doi = {10.1371/journal.pone.0072628},
  language = {en},
  number = {9},
  journal = {PLOS ONE},
  author = {Mark Collard and April Ruttle and Briggs Buchanan and Michael J. O'Brien},
  month = {sep},
  year = {2013},
  keywords = {Africa,Community ecology,Cultural evolution,Culture,North America,Oceania,Population size,Regression analysis},
  pages = {e72628},
}

@Article{collard_what_2011,
  title = {What Drives the Evolution of Hunter\textendash{}gatherer Subsistence Technology? {{A}} Reanalysis of the Risk Hypothesis with Data from the {{Pacific Northwest}}},
  volume = {366},
  copyright = {This journal is \textcopyright{} 2011 The Royal Society},
  issn = {0962-8436, 1471-2970},
  shorttitle = {What Drives the Evolution of Hunter\textendash{}gatherer Subsistence Technology?},
  doi = {10.1098/rstb.2010.0366},
  language = {en},
  number = {1567},
  journal = {Philosophical Transactions of the Royal Society of London B: Biological Sciences},
  author = {Mark Collard and Briggs Buchanan and Jesse Morin and Andre Costopoulos},
  month = {apr},
  year = {2011},
  pages = {1129--1138},
  pmid = {21357235},
}
@Article{KobayashiInnovativenesspopulationsize2012,
  title = {Innovativeness, Population Size and Cumulative Cultural Evolution},
  volume = {82},
  issn = {0040-5809},
  doi = {10.1016/j.tpb.2012.04.001},
  number = {1},
  journal = {Theoretical Population Biology},
  author = {Yutaka Kobayashi and Kenichi Aoki},
  month = {aug},
  year = {2012},
  keywords = {Cultural Moran model,Direct bias,Gumbel distribution},
  pages = {38--47},
}
@Article{BaldiniRevisitingEffectPopulation2015,
  title = {Revisiting the {{Effect}} of {{Population Size}} on {{Cumulative Cultural Evolution}}},
  volume = {15},
  issn = {1568-5373},
  doi = {10.1163/15685373-12342153},
  language = {en},
  number = {3-4},
  journal = {Journal of Cognition and Culture},
  author = {Ryan Baldini},
  month = {aug},
  year = {2015},
  keywords = {cultural evolution,demography,social networks},
  pages = {320--336},
}
@Article{AokiEvolutionlearningstrategies2014,
  title = {Evolution of Learning Strategies in Temporally and Spatially Variable Environments: {{A}} Review of Theory},
  volume = {91},
  issn = {0040-5809},
  shorttitle = {Evolution of Learning Strategies in Temporally and Spatially Variable Environments},
  doi = {10.1016/j.tpb.2013.10.004},
  number = {Supplement C},
  journal = {Theoretical Population Biology},
  author = {Kenichi Aoki and Marcus W. Feldman},
  month = {feb},
  year = {2014},
  keywords = {Dynamical models,Evolutionarily stable strategies,Monte Carlo/agent-based simulations,Rogers‚Äô paradox},
  pages = {3--19},
}

@Article{Boydculturaltransmissionacquired1983,
  title = {The Cultural Transmission of Acquired Variation: {{Effects}} on Genetic Fitness},
  volume = {100},
  issn = {0022-5193},
  shorttitle = {The Cultural Transmission of Acquired Variation},
  doi = {10.1016/0022-5193(83)90324-7},
  number = {4},
  journal = {Journal of Theoretical Biology},
  author = {Robert Boyd and Peter J. Richerson},
  month = {feb},
  year = {1983},
  pages = {567--596},
}

@Article{AokiEmergenceSocialLearning2005,
  title = {The {{Emergence}} of {{Social Learning}} in a {{Temporally Changing Environment}}: {{A Theoretical Model}}},
  volume = {46},
  issn = {0011-3204},
  shorttitle = {The {{Emergence}} of {{Social Learning}} in a {{Temporally Changing Environment}}},
  doi = {10.1086/428791},
  number = {2},
  journal = {Current Anthropology},
  author = {Kenichi Aoki and Joe Yuichiro Wakano and Marcus W. Feldman},
  month = {apr},
  year = {2005},
  pages = {334--340},
  file = {/home/clemens/Zotero/storage/N4UX3REF/428791.html},
}

@Book{Boasmindprimitiveman1911,
  address = {New York},
  title = {The Mind of Primitive Man: A Course of Lectures Delivered before the {{Lowell Institute}}, {{Boston}}, {{Mass}}., and the {{National University}} of {{Mexico}}, 1910-1911},
  shorttitle = {The Mind of Primitive Man},
  language = {English},
  publisher = {{Macmillan}},
  author = {Franz Boas},
  year = {1911},
  note = {OCLC: 1171659},
}

@Book{dennett_darwins_1995,
  address = {London},
  title = {Darwin's Dangerous Idea: Evolution and the Meanings of Life},
  isbn = {978-0-7139-9090-4},
  shorttitle = {Darwin's Dangerous Idea},
  language = {eng},
  publisher = {{Allen Lane The Penguin Press}},
  author = {Daniel C. Dennett},
  year = {1995},
  note = {OCLC: 845033896},
}

@Book{dennett_brainstorms_1978,
  address = {Montgomery, VT},
  title = {Brainstorms: {{Philisophical Essays}} on {{Mind}} and {{Psychology}}},
  publisher = {{Bradford Books}},
  author = {Daniel C. Dennett},
  year = {1978},
}

@Book{dennett_elbow_1984,
  address = {Cambridge, MA},
  title = {Elbow {{Room}}: {{The Varieties}} of {{Free Will Worth Wanting}}},
  publisher = {{Bradford Books}},
  author = {Daniel C. Dennett},
  year = {1984},
}

@Book{dennett_consciousness_1991,
  address = {Boston, MA},
  title = {Consciousness {{Explained}}},
  publisher = {{Little Brown}},
  author = {Daniel C. Dennett},
  year = {1991},
}
@Book{cavalli-sforza_cultural_1981,
  address = {Princeton, N.J},
  series = {Monographs in population biology},
  title = {Cultural Transmission and Evolution: A Quantitative Approach},
  isbn = {978-0-691-08280-6 978-0-691-08283-7},
  lccn = {GN360 .C38},
  shorttitle = {Cultural Transmission and Evolution},
  number = {16},
  publisher = {{Princeton University Press}},
  author = {Luigi Luca Cavalli-Sforza and Marcus W. Feldman},
  year = {1981},
  keywords = {cultural evolution,cultural transmission,mathematical model},
}
@Book{boyd_culture_1985,
  address = {Chicago},
  title = {Culture and the Evolutionary Process},
  isbn = {978-0-226-06931-9},
  lccn = {GN360 .B68 1985},
  publisher = {{University of Chicago Press}},
  author = {Robert Boyd and Peter J. Richerson},
  year = {1985},
  keywords = {cultural evolution},
}
@Article{cavalli-sforza_cultural_1973,
  title = {Cultural versus Biological Inheritance: Phenotypic Transmission from Parents to Children. ({{A}} Theory of the Effect of Parental Phenotypes on Children's Phenotypes)},
  volume = {25},
  issn = {0002-9297},
  shorttitle = {Cultural versus Biological Inheritance},
  language = {eng},
  number = {6},
  journal = {American Journal of Human Genetics},
  author = {L. L. Cavalli-Sforza and M. W. Feldman},
  month = {nov},
  year = {1973},
  keywords = {reproduction,genetics,cultural transmission,Environment,mathematical model,adoption},
  pages = {618--637},
  pmid = {4797967},
  pmcid = {PMC1762580},
}
@Article{giraldeau_social_1994,
  title = {Social Foraging: Individual Learning and Cultural Transmission of Innovations},
  volume = {5},
  issn = {1045-2249},
  shorttitle = {Social Foraging},
  doi = {10.1093/beheco/5.1.35},
  language = {en},
  number = {1},
  journal = {Behavioral Ecology},
  author = {Luc-Alain Giraldeau and Thomas Caraco and Thomas J. Valone},
  month = {mar},
  year = {1994},
  pages = {35--43},
}
@Article{bisin_economics_2001-1,
  title = {The {{Economics}} of {{Cultural Transmission}} and the {{Dynamics}} of {{Preferences}}},
  volume = {97},
  issn = {0022-0531},
  doi = {10.1006/jeth.2000.2678},
  number = {2},
  journal = {Journal of Economic Theory},
  author = {Alberto Bisin and Thierry Verdier},
  month = {apr},
  year = {2001},
  pages = {298--319},
}
@Article{baldini_revisiting_2015,
  title = {Revisiting the {{Effect}} of {{Population Size}} on {{Cumulative Cultural Evolution}}},
  volume = {15},
  issn = {1568-5373},
  doi = {10.1163/15685373-12342153},
  language = {en},
  number = {3-4},
  journal = {Journal of Cognition and Culture},
  author = {Ryan Baldini},
  month = {aug},
  year = {2015},
  keywords = {cultural evolution,demography,social networks},
  pages = {320--336},
}

@Article{kobayashi_innovativeness_2012,
  title = {Innovativeness, Population Size and Cumulative Cultural Evolution},
  volume = {82},
  issn = {0040-5809},
  doi = {10.1016/j.tpb.2012.04.001},
  number = {1},
  journal = {Theoretical Population Biology},
  author = {Yutaka Kobayashi and Kenichi Aoki},
  month = {aug},
  year = {2012},
  keywords = {Gumbel distribution},
  pages = {38--47},
}
@Article{smith_three_2000,
  title = {Three Styles in the Evolutionary Analysis of Human Behavior},
  journal = {Adaptation and human behavior: An anthropological perspective},
  author = {Eric Alden Smith},
  year = {2000},
  pages = {27--46},
}
@Article{aoki_emergence_2005,
  title = {The {{Emergence}} of {{Social Learning}} in a {{Temporally Changing Environment}}: {{A Theoretical Model}}},
  volume = {46},
  issn = {0011-3204},
  shorttitle = {The {{Emergence}} of {{Social Learning}} in a {{Temporally Changing Environment}}},
  doi = {10.1086/428791},
  number = {2},
  journal = {Current Anthropology},
  author = {Kenichi Aoki and Joe Yuichiro Wakano and Marcus W. Feldman},
  month = {apr},
  year = {2005},
  pages = {334--340},
}

@Article{aoki_evolution_2014,
  series = {Evolution of Learning},
  title = {Evolution of Learning Strategies in Temporally and Spatially Variable Environments: {{A}} Review of Theory},
  volume = {91},
  issn = {0040-5809},
  shorttitle = {Evolution of Learning Strategies in Temporally and Spatially Variable Environments},
  doi = {10.1016/j.tpb.2013.10.004},
  journal = {Theoretical Population Biology},
  author = {Kenichi Aoki and Marcus W. Feldman},
  month = {feb},
  year = {2014},
  keywords = {mathematical model,computer simulation,Evolutionarily stable strategies,Rogers‚Äô paradox},
  pages = {3--19},
}

@Article{boyd_cultural_1983,
  title = {The Cultural Transmission of Acquired Variation: {{Effects}} on Genetic Fitness},
  volume = {100},
  issn = {0022-5193},
  shorttitle = {The Cultural Transmission of Acquired Variation},
  doi = {10.1016/0022-5193(83)90324-7},
  number = {4},
  journal = {Journal of Theoretical Biology},
  author = {Robert Boyd and Peter J. Richerson},
  month = {feb},
  year = {1983},
  pages = {567--596},
}
@Article{kolodny_game-changing_2016,
  title = {Game-{{Changing Innovations}}: {{How Culture Can Change}} the {{Parameters}} of {{Its Own Evolution}} and {{Induce Abrupt Cultural Shifts}}},
  volume = {12},
  issn = {1553-7358},
  shorttitle = {Game-{{Changing Innovations}}},
  doi = {10.1371/journal.pcbi.1005302},
  language = {en},
  number = {12},
  journal = {PLOS Computational Biology},
  author = {Oren Kolodny and Nicole Creanza and Marcus W. Feldman},
  month = {dec},
  year = {2016},
  keywords = {cultural evolution,paleolithic,subsistence,demography,evolutionary rate,paleoanthropology},
  pages = {e1005302},
}

@Article{kolodny_evolution_2015,
  title = {Evolution in Leaps: {{The}} Punctuated Accumulation and Loss of Cultural Innovations},
  volume = {112},
  copyright = {\textcopyright{}  . Freely available online through the PNAS open access option.},
  issn = {0027-8424, 1091-6490},
  shorttitle = {Evolution in Leaps},
  doi = {10.1073/pnas.1520492112},
  language = {en},
  number = {49},
  journal = {Proceedings of the National Academy of Sciences},
  author = {Oren Kolodny and Nicole Creanza and Marcus W. Feldman},
  month = {dec},
  year = {2015},
  keywords = {cultural complexity,creativity,fluctuating environment,social stratification,toolkit},
  pages = {E6762--E6769},
  pmid = {26598675},
}

@Article{fogarty_cultural_2015,
  title = {Cultural {{Evolutionary Perspectives}} on {{Creativity}} and {{Human Innovation}}},
  volume = {30},
  issn = {0169-5347},
  doi = {10.1016/j.tree.2015.10.004},
  language = {English},
  number = {12},
  journal = {Trends in Ecology \& Evolution},
  author = {Laurel Fogarty and Nicole Creanza and Marcus W. Feldman},
  month = {dec},
  year = {2015},
  pages = {736--754},
  pmid = {26598058},
}
@Article{rendell_why_2010,
  title = {Why {{Copy Others}}? {{Insights}} from the {{Social Learning Strategies Tournament}}},
  volume = {328},
  copyright = {Copyright \textcopyright{} 2010, American Association for the Advancement of Science},
  issn = {0036-8075, 1095-9203},
  shorttitle = {Why {{Copy Others}}?},
  doi = {10.1126/science.1184719},
  language = {en},
  number = {5975},
  journal = {Science},
  author = {L. Rendell and R. Boyd and D. Cownden and M. Enquist and K. Eriksson and M. W. Feldman and L. Fogarty and S. Ghirlanda and T. Lillicrap and K. N. Laland},
  month = {apr},
  year = {2010},
  pages = {208--213},
  pmid = {20378813},
}

@Article{henrich_evolution_2003,
  title = {The Evolution of Cultural Evolution},
  volume = {12},
  issn = {1520-6505},
  doi = {10.1002/evan.10110},
  language = {en},
  number = {3},
  journal = {Evolutionary Anthropology: Issues, News, and Reviews},
  author = {Joseph Henrich and Richard McElreath},
  month = {jan},
  year = {2003},
  keywords = {cultural transmission,dual inheritance theory,cognition,coevolution},
  pages = {123--135},
}
@Article{enquist_why_2008,
  title = {Why Does Human Culture Increase Exponentially?},
  volume = {74},
  issn = {0040-5809},
  doi = {10.1016/j.tpb.2008.04.007},
  number = {1},
  journal = {Theoretical Population Biology},
  author = {M. Enquist and S. Ghirlanda and A. Jarrick and C. -A. Wachtmeister},
  month = {aug},
  year = {2008},
  keywords = {mathematical model,cultural complexity,origin of human culture},
  pages = {46--55},
}
@Article{bar-yosef_nature_1998,
  title = {On the {{Nature}} of {{Transitions}}: The {{Middle}} to {{Upper Palaeolithic}} and the {{Neolithic Revolution}}},
  volume = {8},
  issn = {1474-0540, 0959-7743},
  shorttitle = {On the {{Nature}} of {{Transitions}}},
  doi = {10.1017/S0959774300001815},
  language = {en},
  number = {2},
  journal = {Cambridge Archaeological Journal},
  author = {Ofer Bar-Yosef},
  month = {oct},
  year = {1998},
  pages = {141--163},
}

@Article{roebroeks_time_2008,
  series = {Chronology of the Middle-Upper Paleolithic Transition in Eurasia},
  title = {Time for the {{Middle}} to {{Upper Paleolithic}} Transition in {{Europe}}},
  volume = {55},
  issn = {0047-2484},
  doi = {10.1016/j.jhevol.2008.08.008},
  number = {5},
  journal = {Journal of Human Evolution},
  author = {Wil Roebroeks},
  month = {nov},
  year = {2008},
  keywords = {Chronology,Ecology,Neandertals,Radiocarbon dating},
  pages = {918--926},
}
@Article{gopher_when_2001,
  title = {The ``When'', the ``Where'' and the ``Why'' of the {{Neolithic}} Revolution in the {{Levant}}},
  volume = {28},
  copyright = {Copyright (c) 2016 Avi Gopher, Shahal Abbo, Simcha Lev Yadun},
  issn = {1854-2492},
  doi = {10.4312/dp.28.3},
  language = {en},
  number = {0},
  journal = {Documenta Praehistorica},
  author = {Avi Gopher and Shahal Abbo and Simcha Lev Yadun},
  month = {dec},
  year = {2001},
  keywords = {agriculture,cultivation,domestication,Levant,Neolithization},
  pages = {49--62},
}

@Article{veen_agricultural_2010,
  title = {Agricultural Innovation: Invention and Adoption or Change and Adaptation?},
  volume = {42},
  issn = {0043-8243},
  shorttitle = {Agricultural Innovation},
  doi = {10.1080/00438240903429649},
  number = {1},
  journal = {World Archaeology},
  author = {Marijke {van der Veen}},
  month = {mar},
  year = {2010},
  keywords = {adaptation,agricultural revolution,Agriculture,farming,food production,incremental change,innovation,macro-invention,micro-invention},
  pages = {1--12},
}
@Article{crema_revealing_2016,
  title = {Revealing Patterns of Cultural Transmission from Frequency Data: Equilibrium and Non-Equilibrium Assumptions},
  volume = {6},
  copyright = {2016 Nature Publishing Group},
  issn = {2045-2322},
  shorttitle = {Revealing Patterns of Cultural Transmission from Frequency Data},
  doi = {10.1038/srep39122},
  language = {en},
  journal = {Scientific Reports},
  author = {Enrico R. Crema and Anne Kandler and Stephen Shennan},
  month = {dec},
  year = {2016},
  pages = {39122},
}
@Book{odling-smee_niche_2003,
  title = {Niche {{Construction}}: {{The Neglected Process}} in {{Evolution}}},
  isbn = {978-0-691-04437-8},
  shorttitle = {Niche {{Construction}}},
  language = {en},
  publisher = {{Princeton University Press}},
  author = {F. John Odling-Smee and Kevin N. Laland and Marcus W. Feldman},
  year = {2003},
}

@Article{laland_niche_2000,
  title = {Niche Construction, Biological Evolution, and Cultural Change},
  volume = {23},
  issn = {1469-1825, 0140-525X},
  doi = {10.1017/S0140525X00002417},
  language = {en},
  number = {1},
  journal = {Behavioral and Brain Sciences},
  author = {Kevin N. Laland and John Odling-Smee and Marcus W. Feldman},
  month = {feb},
  year = {2000},
  keywords = {adaptation,niche construction,genetics,evolutionary psychology,dual inheritance theory,altruism,cooperation},
  pages = {131--146},
}

@Article{chudek_culturegene_2011,
  title = {Culture\textendash{}gene Coevolution, Norm-Psychology and the Emergence of Human Prosociality},
  volume = {15},
  issn = {1364-6613, 1879-307X},
  doi = {10.1016/j.tics.2011.03.003},
  language = {English},
  number = {5},
  journal = {Trends in Cognitive Sciences},
  author = {Maciej Chudek and Joseph Henrich},
  month = {may},
  year = {2011},
  pages = {218--226},
  pmid = {21482176},
}

@Article{feldman_aspects_1979,
  title = {Aspects of Variance and Covariance Analysis with Cultural Inheritance},
  volume = {15},
  issn = {0040-5809},
  doi = {10.1016/0040-5809(79)90043-1},
  number = {3},
  journal = {Theoretical Population Biology},
  author = {Marcus W. Feldman and L. L. Cavalli-Sforza},
  month = {jun},
  year = {1979},
  keywords = {cultural transmission},
  pages = {276--307},
}

@Article{richerson_dual_1978,
  title = {A Dual Inheritance Model of the Human Evolutionary Process {{I}}: {{Basic}} Postulates and a Simple Model},
  volume = {1},
  issn = {0140-1750},
  shorttitle = {A Dual Inheritance Model of the Human Evolutionary Process {{I}}},
  doi = {10.1016/S0140-1750(78)80002-5},
  number = {2},
  journal = {Journal of Social and Biological Structures},
  author = {Peter J. Richerson and Robert Boyd},
  month = {apr},
  year = {1978},
  keywords = {dual inheritance theory},
  pages = {127--154},
}
@Article{mesoudi_towards_2006,
  title = {Towards a Unified Science of Cultural Evolution},
  volume = {29},
  issn = {1469-1825, 0140-525X},
  doi = {10.1017/S0140525X06009083},
  language = {en},
  number = {4},
  journal = {Behavioral and Brain Sciences},
  author = {Alex Mesoudi and Andrew Whiten and Kevin N. Laland},
  month = {aug},
  year = {2006},
  keywords = {biological evolution,cultural evolution,cultural transmission,dual inheritance theory,evolution,evolutionary archaeology,memes},
  pages = {329--347},
}
@Article{laland_cultural_2011,
  title = {Cultural {{Niche Construction}}: {{An Introduction}}},
  volume = {6},
  issn = {1555-5542, 1555-5550},
  shorttitle = {Cultural {{Niche Construction}}},
  doi = {10.1007/s13752-012-0026-6},
  language = {en},
  number = {3},
  journal = {Biological Theory},
  author = {Kevin N. Laland and Michael J. O'Brien},
  month = {sep},
  year = {2011},
  pages = {191--202},
}

@Article{rendell_runaway_2011,
  title = {Runaway Cultural Niche Construction},
  volume = {366},
  copyright = {This journal is \textcopyright{} 2011 The Royal Society},
  issn = {0962-8436, 1471-2970},
  doi = {10.1098/rstb.2010.0256},
  language = {en},
  number = {1566},
  journal = {Philosophical Transactions of the Royal Society of London B: Biological Sciences},
  author = {Luke Rendell and Laurel Fogarty and Kevin N. Laland},
  month = {mar},
  year = {2011},
  pages = {823--835},
  pmid = {21320897},
}
@Article{laland_gene-culture_1995,
  title = {A Gene-Culture Model of Human Handedness},
  volume = {25},
  issn = {0001-8244, 1573-3297},
  doi = {10.1007/BF02253372},
  language = {en},
  number = {5},
  journal = {Behavior Genetics},
  author = {Kevin N. Laland and Jochen Kumm and John D. Van Horn and Marcus W. Feldman},
  month = {sep},
  year = {1995},
  pages = {433--445},
}
@Article{ingram_population_2012,
  title = {Population {{Genetics}} of {{Lactase Persistence}} and {{Lactose Intolerance}}},
  copyright = {Copyright \textcopyright{} 2001 John Wiley \& Sons, Ltd. All rights reserved.},
  language = {en},
  journal = {eLS},
  author = {Catherine JE Ingram and Anke Liebert and Dallas M Swallow},
  year = {2012},
  keywords = {milk,persistence,selection,tolerance},
  doi = {10.1002/9780470015902.a0020855.pub2},
}

@InCollection{feldman_theory_1989,
  address = {Princeton},
  title = {On the Theory of Evolution under Genetic and Cultural Transmission with Application to the Lactose Absorption.},
  booktitle = {Mathematical {{Evolutionary Theory}}},
  publisher = {{Princeton Univ Press}},
  author = {M. W. Feldman and L. L. Cavalli-Sforza},
  editor = {M. W. Feldman},
  year = {1989},
  pages = {145--173},
}
@InCollection{aoki_gene-culture_2017,
  address = {San Diego},
  title = {Gene-{{Culture Models}} for the {{Evolution}} of {{Altruistic Teaching}}},
  isbn = {978-0-12-420190-3},
  booktitle = {On {{Human Nature}}},
  publisher = {{Academic Press}},
  author = {K. Aoki and J. Y. Wakano and M. W. Feldman},
  editor = {Michel Tibayrenc and Francisco J. Ayala},
  year = {2017},
  keywords = {cultural transmission,dual inheritance theory,mathematical model,Polymorphism},
  pages = {279--296},
  doi = {10.1016/B978-0-12-420190-3.00018-1},
}
@Article{berg_population_2014,
  title = {A {{Population Genetic Signal}} of {{Polygenic Adaptation}}},
  volume = {10},
  issn = {1553-7404},
  doi = {10.1371/journal.pgen.1004412},
  language = {en},
  number = {8},
  journal = {PLOS Genetics},
  author = {Jeremy J. Berg and Graham Coop},
  month = {aug},
  year = {2014},
  keywords = {genetics,Gene mapping,statistics},
  pages = {e1004412},
}
@Article{minkov_genetic_2015,
  title = {Genetic Polymorphisms Predict National Differences in Life History Strategy and Time Orientation},
  volume = {76},
  issn = {0191-8869},
  doi = {10.1016/j.paid.2014.12.014},
  journal = {Personality and Individual Differences},
  author = {Michael Minkov and Michael Harris Bond},
  month = {apr},
  year = {2015},
  keywords = {genetics,Life-history strategy,nations},
  pages = {204--215},
}

@Article{davies_genome-wide_2011,
  title = {Genome-Wide Association Studies Establish That Human Intelligence Is Highly Heritable and Polygenic},
  volume = {16},
  copyright = {2011 Nature Publishing Group},
  issn = {1476-5578},
  doi = {10.1038/mp.2011.85},
  language = {en},
  number = {10},
  journal = {Molecular Psychiatry},
  author = {G. Davies and A. Tenesa and A. Payton and J. Yang and S. E. Harris and D. Liewald and X. Ke and S. {Le Hellard} and A. Christoforou and M. Luciano and K. McGhee and L. Lopez and A. J. Gow and J. Corley and P. Redmond and H. C. Fox and P. Haggarty and L. J. Whalley and G. McNeill and M. E. Goddard and T. Espeseth and A. J. Lundervold and I. Reinvang and A. Pickles and V. M. Steen and W. Ollier and D. J. Porteous and M. Horan and J. M. Starr and N. Pendleton and P. M. Visscher and I. J. Deary},
  month = {oct},
  year = {2011},
  pages = {996--1005},
}

@Article{benyamin_childhood_2014,
  title = {Childhood Intelligence Is Heritable, Highly Polygenic and Associated with {{{\emph{FNBP1L}}}}},
  volume = {19},
  copyright = {2013 Nature Publishing Group},
  issn = {1476-5578},
  doi = {10.1038/mp.2012.184},
  language = {en},
  number = {2},
  journal = {Molecular Psychiatry},
  author = {B. Benyamin and BSt Pourcain and O. S. Davis and G. Davies and N. K. Hansell and M.-Ja Brion and R. M. Kirkpatrick and R. a. M. Cents and S. Frani{\a'c} and M. B. Miller and C. M. A. Haworth and E. Meaburn and T. S. Price and D. M. Evans and N. Timpson and J. Kemp and S. Ring and W. McArdle and S. E. Medland and J. Yang and S. E. Harris and D. C. Liewald and P. Scheet and X. Xiao and J. J. Hudziak and E. J. C. {de Geus} and {Wellcome Trust Case Control Consortium 2 (WTCCC2)} and V. W. V. Jaddoe and J. M. Starr and F. C. Verhulst and C. Pennell and H. Tiemeier and W. G. Iacono and L. J. Palmer and G. W. Montgomery and N. G. Martin and D. I. Boomsma and D. Posthuma and M. McGue and M. J. Wright and G. {Davey Smith} and I. J. Deary and R. Plomin and P. M. Visscher},
  month = {feb},
  year = {2014},
  pages = {253--258},
}

@Article{okbay_genome-wide_2016,
  title = {Genome-Wide Association Study Identifies 74 Loci Associated with Educational Attainment},
  volume = {533},
  copyright = {2016 Nature Publishing Group},
  issn = {1476-4687},
  doi = {10.1038/nature17671},
  language = {en},
  number = {7604},
  journal = {Nature},
  author = {Aysu Okbay and Jonathan P. Beauchamp and Mark Alan Fontana and James J. Lee and Tune H. Pers and Cornelius A. Rietveld and Patrick Turley and Guo-Bo Chen and Valur Emilsson and S. Fleur W. Meddens and Sven Oskarsson and Joseph K. Pickrell and Kevin Thom and Pascal Timshel and Ronald {de Vlaming} and Abdel Abdellaoui and Tarunveer S. Ahluwalia and Jonas Bacelis and Clemens Baumbach and Gyda Bjornsdottir and Johannes H. Brandsma and Maria {Pina Concas} and Jaime Derringer and Nicholas A. Furlotte and Tessel E. Galesloot and Giorgia Girotto and Richa Gupta and Leanne M. Hall and Sarah E. Harris and Edith Hofer and Momoko Horikoshi and Jennifer E. Huffman and Kadri Kaasik and Ioanna P. Kalafati and Robert Karlsson and Augustine Kong and Jari Lahti and Sven J. {van der Lee} and Christiaan deLeeuw and Penelope A. Lind and Karl-Oskar Lindgren and Tian Liu and Massimo Mangino and Jonathan Marten and Evelin Mihailov and Michael B. Miller and Peter J. {van der Most} and Christopher Oldmeadow and Antony Payton and Natalia Pervjakova and Wouter J. Peyrot and Yong Qian and Olli Raitakari and Rico Rueedi and Erika Salvi and B{\"o}rge Schmidt and Katharina E. Schraut and Jianxin Shi and Albert V. Smith and Raymond A. Poot and Beate {St Pourcain} and Alexander Teumer and Gudmar Thorleifsson and Niek Verweij and Dragana Vuckovic and Juergen Wellmann and Harm-Jan Westra and Jingyun Yang and Wei Zhao and Zhihong Zhu and Behrooz Z. Alizadeh and Najaf Amin and Andrew Bakshi and Sebastian E. Baumeister and Ginevra Biino and Klaus B{\o}nnelykke and Patricia A. Boyle and Harry Campbell and Francesco P. Cappuccio and Gail Davies and Jan-Emmanuel {De Neve} and Panos Deloukas and Ilja Demuth and Jun Ding and Peter Eibich and Lewin Eisele and Niina Eklund and David M. Evans and Jessica D. Faul and Mary F. Feitosa and Andreas J. Forstner and Ilaria Gandin and Bjarni Gunnarsson and Bjarni V. Halld{\a'o}rsson and Tamara B. Harris and Andrew C. Heath and Lynne J. Hocking and Elizabeth G. Holliday and Georg Homuth and Michael A. Horan and Jouke-Jan Hottenga and Philip L. {de Jager} and Peter K. Joshi and Astanand Jugessur and Marika A. Kaakinen and Mika K{\"a}h{\"o}nen and Stavroula Kanoni and Liisa Keltigangas-J{\"a}rvinen and Lambertus A. L. M. Kiemeney and Ivana Kolcic and Seppo Koskinen and Aldi T. Kraja and Martin Kroh and Zoltan Kutalik and Antti Latvala and Lenore J. Launer and Ma{\"e}l P. Lebreton and Douglas F. Levinson and Paul Lichtenstein and Peter Lichtner and David C. M. Liewald and LifeLines {Cohort Study} and Anu Loukola and Pamela A. Madden and Reedik M{\"a}gi and Tomi M{\"a}ki-Opas and Riccardo E. Marioni and Pedro Marques-Vidal and Gerardus A. Meddens and George McMahon and Christa Meisinger and Thomas Meitinger and Yusplitri Milaneschi and Lili Milani and Grant W. Montgomery and Ronny Myhre and Christopher P. Nelson and Dale R. Nyholt and William E. R. Ollier and Aarno Palotie and Lavinia Paternoster and Nancy L. Pedersen and Katja E. Petrovic and David J. Porteous and Katri R{\"a}ikk{\"o}nen and Susan M. Ring and Antonietta Robino and Olga Rostapshova and Igor Rudan and Aldo Rustichini and Veikko Salomaa and Alan R. Sanders and Antti-Pekka Sarin and Helena Schmidt and Rodney J. Scott and Blair H. Smith and Jennifer A. Smith and Jan A. Staessen and Elisabeth Steinhagen-Thiessen and Konstantin Strauch and Antonio Terracciano and Martin D. Tobin and Sheila Ulivi and Simona Vaccargiu and Lydia Quaye and Frank J. A. {van Rooij} and Cristina Venturini and Anna A. E. Vinkhuyzen and Uwe V{\"o}lker and Henry V{\"o}lzke and Judith M. Vonk and Diego Vozzi and Johannes Waage and Erin B. Ware and Gonneke Willemsen and John R. Attia and David A. Bennett and Klaus Berger and Lars Bertram and Hans Bisgaard and Dorret I. Boomsma and Ingrid B. Borecki and Ute B{\"u}ltmann and Christopher F. Chabris and Francesco Cucca and Daniele Cusi and Ian J. Deary and George V. Dedoussis and Cornelia M. {van Duijn} and Johan G. Eriksson and Barbara Franke and Lude Franke and Paolo Gasparini and Pablo V. Gejman and Christian Gieger and Hans-J{\"o}rgen Grabe and Jacob Gratten and Patrick J. F. Groenen and Vilmundur Gudnason and Pim {van der Harst} and Caroline Hayward and David A. Hinds and Wolfgang Hoffmann and Elina Hypp{\"o}nen and William G. Iacono and Bo Jacobsson and Marjo-Riitta J{\"a}rvelin and Karl-Heinz J{\"o}ckel and Jaakko Kaprio and Sharon L. R. Kardia and Terho Lehtim{\"a}ki and Steven F. Lehrer and Patrik K. E. Magnusson and Nicholas G. Martin and Matt McGue and Andres Metspalu and Neil Pendleton and Brenda W. J. H. Penninx and Markus Perola and Nicola Pirastu and Mario Pirastu and Ozren Polasek and Danielle Posthuma and Christine Power and Michael A. Province and Nilesh J. Samani and David Schlessinger and Reinhold Schmidt and Thorkild I. A. S{\o}rensen and Tim D. Spector and Kari Stefansson and Unnur Thorsteinsdottir and A. Roy Thurik and Nicholas J. Timpson and Henning Tiemeier and Joyce Y. Tung and Andr{\a'e} G. Uitterlinden and Veronique Vitart and Peter Vollenweider and David R. Weir and James F. Wilson and Alan F. Wright and Dalton C. Conley and Robert F. Krueger and George {Davey Smith} and Albert Hofman and David I. Laibson and Sarah E. Medland and Michelle N. Meyer and Jian Yang and Magnus Johannesson and Peter M. Visscher and T{\~o}nu Esko and Philipp D. Koellinger and David Cesarini and Daniel J. Benjamin},
  month = {may},
  year = {2016},
  pages = {539--542},
}
@Article{domingue_genetic_2014,
  title = {Genetic and Educational Assortative Mating among {{US}} Adults},
  volume = {111},
  issn = {0027-8424, 1091-6490},
  doi = {10.1073/pnas.1321426111},
  language = {en},
  number = {22},
  journal = {Proceedings of the National Academy of Sciences},
  author = {Benjamin W. Domingue and Jason Fletcher and Dalton Conley and Jason D. Boardman},
  month = {jun},
  year = {2014},
  keywords = {genetics,homophily},
  pages = {7996--8000},
  pmid = {24843128},
}

@Article{piffer_review_2015,
  title = {A Review of Intelligence {{GWAS}} Hits: {{Their}} Relationship to Country {{IQ}} and the Issue of Spatial Autocorrelation},
  volume = {53},
  issn = {0160-2896},
  shorttitle = {A Review of Intelligence {{GWAS}} Hits},
  doi = {10.1016/j.intell.2015.08.008},
  journal = {Intelligence},
  author = {Davide Piffer},
  month = {nov},
  year = {2015},
  keywords = {Intelligence},
  pages = {43--50},
}

@Article{abdellaoui_educational_2015,
  title = {Educational {{Attainment Influences Levels}} of {{Homozygosity}} through {{Migration}} and {{Assortative Mating}}},
  volume = {10},
  issn = {1932-6203},
  doi = {10.1371/journal.pone.0118935},
  language = {en},
  number = {3},
  journal = {PLOS ONE},
  author = {Abdel Abdellaoui and Jouke-Jan Hottenga and Gonneke Willemsen and Meike Bartels and Toos {van Beijsterveldt} and Erik A. Ehli and Gareth E. Davies and Andrew Brooks and Patrick F. Sullivan and Brenda W. J. H. Penninx and Eco J. {de Geus} and Dorret I. Boomsma},
  month = {mar},
  year = {2015},
  keywords = {behavioral ecology,genetics,cultural transmission,religion,cognition,Homozygosity,Netherlands},
  pages = {e0118935},
}
@Article{paradies_racism_2015,
  title = {Racism as a {{Determinant}} of {{Health}}: {{A Systematic Review}} and {{Meta}}-{{Analysis}}},
  volume = {10},
  issn = {1932-6203},
  shorttitle = {Racism as a {{Determinant}} of {{Health}}},
  doi = {10.1371/journal.pone.0138511},
  language = {en},
  number = {9},
  journal = {PLOS ONE},
  author = {Yin Paradies and Jehonathan Ben and Nida Denson and Amanuel Elias and Naomi Priest and Alex Pieterse and Arpana Gupta and Margaret Kelaher and Gilbert Gee},
  month = {sep},
  year = {2015},
  keywords = {Ethnic epidemiology,racial discrimination},
  pages = {e0138511},
}

@Article{marden_african_2016,
  title = {African {{Ancestry}}, {{Social Factors}}, and {{Hypertension Among Non}}-{{Hispanic Blacks}} in the {{Health}} and {{Retirement Study}}},
  volume = {62},
  issn = {1948-5565},
  doi = {10.1080/19485565.2015.1108836},
  number = {1},
  journal = {Biodemography and Social Biology},
  author = {Jessica R. Marden and Stefan Walter and Jay S. Kaufman and M. Maria Glymour},
  month = {jan},
  year = {2016},
  pages = {19--35},
  pmid = {27050031},
}

@Article{nugent_geneenvironment_2011,
  title = {Gene\textendash{}environment Interactions: Early Life Stress and Risk for Depressive and Anxiety Disorders},
  volume = {214},
  issn = {0033-3158, 1432-2072},
  shorttitle = {Gene\textendash{}environment Interactions},
  doi = {10.1007/s00213-010-2151-x},
  language = {en},
  number = {1},
  journal = {Psychopharmacology},
  author = {Nicole R. Nugent and Audrey R. Tyrka and Linda L. Carpenter and Lawrence H. Price},
  month = {mar},
  year = {2011},
  pages = {175--196},
}

@Article{maes_genetic_2006,
  title = {Genetic and {{Cultural Transmission}} of {{Smoking Initiation}}: {{An Extended Twin Kinship Model}}},
  volume = {36},
  issn = {0001-8244, 1573-3297},
  shorttitle = {Genetic and {{Cultural Transmission}} of {{Smoking Initiation}}},
  doi = {10.1007/s10519-006-9085-4},
  language = {en},
  number = {6},
  journal = {Behavior Genetics},
  author = {Hermine H. Maes and Michael C. Neale and Kenneth S. Kendler and Nicholas G. Martin and Andrew C. Heath and Lindon J. Eaves},
  month = {nov},
  year = {2006},
  pages = {795--808},
}
@Article{laeng_why_2007,
  title = {Why Do Blue-Eyed Men Prefer Women with the Same Eye Color?},
  volume = {61},
  issn = {0340-5443, 1432-0762},
  doi = {10.1007/s00265-006-0266-1},
  language = {en},
  number = {3},
  journal = {Behavioral Ecology and Sociobiology},
  author = {Bruno Laeng and Ronny Mathisen and Jan-Are Johnsen},
  month = {jan},
  year = {2007},
  pages = {371--384},
}

@Article{keller_genetic_2013,
  title = {The {{Genetic Correlation}} between {{Height}} and {{IQ}}: {{Shared Genes}} or {{Assortative Mating}}?},
  volume = {9},
  issn = {1553-7404},
  shorttitle = {The {{Genetic Correlation}} between {{Height}} and {{IQ}}},
  doi = {10.1371/journal.pgen.1003451},
  language = {en},
  number = {4},
  journal = {PLOS Genetics},
  author = {Matthew C. Keller and Christine E. Garver-Apgar and Margaret J. Wright and Nicholas G. Martin and Robin P. Corley and Michael C. Stallings and John K. Hewitt and Brendan P. Zietsch},
  month = {apr},
  year = {2013},
  keywords = {genetics,sexual selection,etiology},
  pages = {e1003451},
}

@Article{treur_spousal_2015,
  title = {Spousal Resemblance for Smoking: {{Underlying}} Mechanisms and Effects of Cohort and Age},
  volume = {153},
  issn = {0376-8716, 1879-0046},
  shorttitle = {Spousal Resemblance for Smoking},
  doi = {10.1016/j.drugalcdep.2015.05.018},
  language = {English},
  journal = {Drug \& Alcohol Dependence},
  author = {Jorien L. Treur and Jacqueline M. Vink and Dorret I. Boomsma and Christel M. Middeldorp},
  month = {aug},
  year = {2015},
  keywords = {homophily,genetics,reproduction},
  pages = {221--228},
  pmid = {26051161},
}
@Article{feldman_evolution_1977,
  title = {The Evolution of Continuous Variation. {{II}}. {{Complex}} Transmission and Assortative Mating},
  volume = {11},
  issn = {0040-5809},
  doi = {10.1016/0040-5809(77)90024-7},
  number = {2},
  journal = {Theoretical Population Biology},
  author = {M. W. Feldman and L. L. Cavalli-Sforza},
  month = {apr},
  year = {1977},
  pages = {161--181},
}

@Article{rice_multifactorial_1978,
  title = {Multifactorial Inheritance with Cultural Transmission and Assortative Mating. {{I}}. {{Description}} and Basic Properties of the Unitary Models},
  volume = {30},
  issn = {0002-9297},
  language = {eng},
  number = {6},
  journal = {American Journal of Human Genetics},
  author = {J. Rice and C. R. Cloninger and T. Reich},
  month = {nov},
  year = {1978},
  keywords = {Environment,genetics,mathematical model},
  pages = {618--643},
  pmid = {747189},
  pmcid = {PMC1685878},
}
@Article{creanza_models_2012,
  title = {Models of {{Cultural Niche Construction}} with {{Selection}} and {{Assortative Mating}}},
  volume = {7},
  issn = {1932-6203},
  doi = {10.1371/journal.pone.0042744},
  language = {en},
  number = {8},
  journal = {PLOS ONE},
  author = {Nicole Creanza and Laurel Fogarty and Marcus W. Feldman},
  month = {aug},
  year = {2012},
  keywords = {cultural evolution,niche construction,genetics,religion,diseases},
  pages = {e42744},
}

@Article{creanza_complexity_2014,
  title = {Complexity in Models of Cultural Niche Construction with Selection and Homophily},
  volume = {111},
  issn = {0027-8424, 1091-6490},
  doi = {10.1073/pnas.1400824111},
  language = {en},
  number = {Supplement 3},
  journal = {Proceedings of the National Academy of Sciences},
  author = {Nicole Creanza and Marcus W. Feldman},
  month = {jul},
  year = {2014},
  keywords = {cultural evolution,niche construction,homophily,mathematical model},
  pages = {10830--10837},
  pmid = {25024189},
}
@Article{thiessen_human_1980,
  title = {Human Assortative Mating and Genetic Equilibrium: {{An}} Evolutionary Perspective},
  volume = {1},
  issn = {0162-3095},
  shorttitle = {Human Assortative Mating and Genetic Equilibrium},
  doi = {10.1016/0162-3095(80)90003-5},
  number = {2},
  journal = {Ethology and Sociobiology},
  author = {Del Thiessen and Barbara Gregg},
  month = {apr},
  year = {1980},
  keywords = {genetics,reproduction},
  pages = {111--140},
}
@Article{abdellaoui_association_2013,
  title = {Association {{Between Autozygosity}} and {{Major Depression}}: {{Stratification Due}} to {{Religious Assortment}}},
  volume = {43},
  issn = {0001-8244, 1573-3297},
  shorttitle = {Association {{Between Autozygosity}} and {{Major Depression}}},
  doi = {10.1007/s10519-013-9610-1},
  language = {en},
  number = {6},
  journal = {Behavior Genetics},
  author = {Abdel Abdellaoui and Jouke-Jan Hottenga and Xiangjun Xiao and Paul Scheet and Erik A. Ehli and Gareth E. Davies and James J. Hudziak and Dirk J. A. Smit and Meike Bartels and Gonneke Willemsen and Andrew Brooks and Patrick F. Sullivan and Johannes H. Smit and Eco J. {de Geus} and Brenda W. J. H. Penninx and Dorret I. Boomsma},
  month = {nov},
  year = {2013},
  pages = {455--467},
}
@Article{centola_spread_2010,
  title = {The {{Spread}} of {{Behavior}} in an {{Online Social Network Experiment}}},
  volume = {329},
  copyright = {Copyright \textcopyright{} 2010, American Association for the Advancement of Science},
  issn = {0036-8075, 1095-9203},
  doi = {10.1126/science.1185231},
  language = {en},
  number = {5996},
  journal = {Science},
  author = {Damon Centola},
  month = {sep},
  year = {2010},
  pages = {1194--1197},
  pmid = {20813952},
}

@Article{centola_experimental_2011,
  title = {An {{Experimental Study}} of {{Homophily}} in the {{Adoption}} of {{Health Behavior}}},
  volume = {334},
  copyright = {Copyright \textcopyright{} 2011, American Association for the Advancement of Science},
  issn = {0036-8075, 1095-9203},
  doi = {10.1126/science.1207055},
  language = {en},
  number = {6060},
  journal = {Science},
  author = {Damon Centola},
  month = {dec},
  year = {2011},
  pages = {1269--1272},
  pmid = {22144624},
}
@Article{robinson_genetic_2017,
  title = {Genetic Evidence of Assortative Mating in Humans},
  volume = {1},
  copyright = {2017 Nature Publishing Group},
  issn = {2397-3374},
  doi = {10.1038/s41562-016-0016},
  language = {en},
  number = {1},
  journal = {Nature Human Behaviour},
  author = {Matthew R. Robinson and Aaron Kleinman and Mariaelisa Graff and Anna A. E. Vinkhuyzen and David Couper and Michael B. Miller and Wouter J. Peyrot and Abdel Abdellaoui and Brendan P. Zietsch and Ilja M. Nolte and Jana V. {van Vliet-Ostaptchouk} and Harold Snieder and {The LifeLines Cohort Study} and Behrooz Z. Alizadeh and H. Marike Boezen and Lude Franke and Pim {van der Harst} and Gerjan Navis and Marianne Rots and Harold Snieder and Morris Swertz and Bruce H. R. Wolffenbuttel and Cisca Wijmenga and Genetic Investigation of Anthropometric Traits (GIANT) Consortium and Goncalo R. Abecasis and Devin Absher and Helene Alavere and Eva Albrecht and Hana Lango Allen and Peter Almgren and Najaf Amin and Philippe Amouyel and Denise Anderson and Alice M. Arnold and Dominique Arveiler and Thor Aspelund and Folkert W. Asselbergs and Themistocles L. Assimes and Mustafa Atalay and Antony P. Attwood and Larry D. Atwood and Stephan J. L. Bakker and Beverley Balkau and Anthony J. Balmforth and Cristina Barlassina and In{\^e}s Barroso and Hanneke Basart and Sabrina Bauer and Jacques S. Beckmann and John P. Beilby and Amanda J. Bennett and Yoav Ben-Shlomo and Richard N. Bergman and Sven Bergmann and Sonja I. Berndt and Reiner Biffar and Anna Maria Di Blasio and Bernhard O. Boehm and Michael Boehnke and Heiner Boeing and Eric Boerwinkle and Jennifer L. Bolton and Am{\a'e}lie Bonnefond and Lori L. Bonnycastle and Dorret I. Boomsma and Ingrid B. Borecki and Stefan R. Bornstein and Nabila Bouatia-Naji and Gabrielle Boucher and Jennifer L. Bragg-Gresham and Paolo Brambilla and Marcel Bruinenberg and Thomas A. Buchanan and Christa Buechler and Gemma Cadby and Harry Campbell and Mark J. Caulfield and Christine Cavalcanti-Proen{\c c}a and Giancarlo Cesana and Stephen J. Chanock and Daniel I. Chasman and Yii-Der Ida Chen and Peter S. Chines and Deborah J. Clegg and Lachlan Coin and Francis S. Collins and John M. Connell and William Cookson and Matthew N. Cooper and Damien C. Croteau-Chonka and L. Adrienne Cupples and Daniele Cusi and Felix R. Day and Ian N. M. Day and George V. Dedoussis and Mariano Dei and Panos Deloukas and Emmanouil T. Dermitzakis and Antigone S. Dimas and Maria Dimitriou and Anna L. Dixon and Marcus D{\"o}rr and Cornelia M. {van Duijn} and Shah Ebrahim and Sarah Edkins and Gudny Eiriksdottir and Kristina Eisinger and Niina Eklund and Paul Elliott and Raimund Erbel and Jeanette Erdmann and Michael R. Erdos and Johan G. Eriksson and T{\~o}nu Esko and Karol Estrada and David M. Evans and Ulf {de Faire} and Tove Fall and Martin Farrall and Mary F. Feitosa and Marco M. Ferrario and Teresa Ferreira and Jean Ferri{\a`e}res and Krista Fischer and Eva Fisher and Gerry Fowkes and Caroline S. Fox and Lude Franke and Paul W. Franks and Ross M. Fraser and Francesca Frau and Timothy Frayling and Nelson B. Freimer and Philippe Froguel and Mao Fu and Stefan Gaget and Andrea Ganna and Pablo V. Gejman and Davide Gentilini and Eco J. C. Geus and Christian Gieger and Bruna Gigante and Anette P. Gjesing and Nicole L. Glazer and Michael E. Goddard and Anuj Goel and Harald Grallert and J{\a`\i}rgen Gr{\"a}{{\ss}}ler and Henrik Gr{\"o}nberg and Leif C. Groop and Christopher J. Groves and Vilmundur Gudnason and Candace Guiducci and Stefan Gustafsson and Ulf Gyllensten and Alistair S. Hall and Per Hall and G{\"o}ran Hallmans and Anders Hamsten and Torben Hansen and Talin Haritunians and Tamara B. Harris and Pim {van der Harst} and Anna-Liisa Hartikainen and Neelam Hassanali and Andrew T. Hattersley and Aki S. Havulinna and Caroline Hayward and Nancy L. Heard-Costa and Andrew C. Heath and Johannes Hebebrand and Iris M. Heid and Martin {den Heijer} and Christian Hengstenberg and Karl-Heinz Herzig and Andrew A. Hicks and Aroon Hingorani and Anke Hinney and Joel N. Hirschhorn and Albert Hofman and Christopher C. Holmes and Georg Homuth and Jouke-Jan Hottenga and Kees G. Hovingh and Frank B. Hu and Yi-Juan Hu and Jennifer E. Huffman and Jennie Hui and Heikki Huikuri and Steve E. Humphries and Joseph Hung and Sarah E. Hunt and David Hunter and Kristian Hveem and Elina Hypp{\"o}nen and Wilmar Igl and Thomas Illig and Erik Ingelsson and Carlos Iribarren and Bo Isomaa and Anne U. Jackson and Kevin B. Jacobs and Alan L. James and John-Olov Jansson and Ivonne Jarick and Marjo-Riitta Jarvelin and Karl-Heinz J{\"o}ckel and \AAsa Johansson and Toby Johnson and Jennifer Jolley and Torben J{\o}rgensen and Pekka Jousilahti and Antti Jula and Anne E. Justice and Marika Kaakinen and Mika K{\"a}h{\"o}nen and Eero Kajantie and Stavroula Kanoni and W. H. Linda Kao and Lee M. Kaplan and Robert C. Kaplan and Jaakko Kaprio and Karen Kapur and Fredrik Karpe and Sekar Kathiresan and Frank Kee and Sirkka M. Keinanen-Kiukaanniemi and Shamika Ketkar and Johannes Kettunen and Kay-Tee Khaw and Lambertus A. Kiemeney and Tuomas O. Kilpel{\"a}inen and Leena Kinnunen and Mika Kivimaki and Mika Kivmaki and Melanie M. Van {der Klauw} and Marcus E. Kleber and Joshua W. Knowles and Wolfgang Koenig and Ivana Kolcic and Genovefa Kolovou and Inke R. K{\"o}nig and Seppo Koskinen and Peter Kovacs and Peter Kraft and Aldi T. Kraja and Kati Kristiansson and Kaarel Krjut{\v s}kov and Heyo K. Kroemer and Jon P. Krohn and Vjekoslav Krzelj and Diana Kuh and Jennifer R. Kulzer and Meena Kumari and Zolt{\a'a}n Kutalik and Kari Kuulasmaa and Johanna Kuusisto and Kirsti Kvaloy and Markku Laakso and Jaana H. Laitinen and Timo A. Lakka and Claudia Lamina and Claudia Langenberg and Olivier Lantieri and G. Mark Lathrop and Lenore J. Launer and Debbie A. Lawlor and Robert W. Lawrence and Irene M. Leach and Cecile Lecoeur and Sang Hong Lee and Terho Lehtim{\"a}ki and Michael F. Leitzmann and Guillaume Lettre and Douglas F. Levinson and Guo Li and Shengxu Li and Liming Liang and Dan-Yu Lin and Lars Lind and Cecilia M. Lindgren and Jaana Lindstr{\"o}m and Jianjun Liu and Antonio Liuzzi and Adam E. Locke and Marja-Liisa Lokki and Christina Loley and Ruth J. F. Loos and Mattias Lorentzon and Jian'an Luan and Robert N. Luben and Barbara Ludwig and Pamela A. Madden and Reedik M{\"a}gi and Patrik K. E. Magnusson and Massimo Mangino and Paolo Manunta and Diana Marek and Michel Marre and Nicholas G. Martin and Winfried M{\"a}rz and Andrea Maschio and Iain Mathieson and Wendy L. McArdle and Steven A. McCaroll and Anne McCarthy and Mark I. McCarthy and Barbara McKnight and Carolina Medina-Gomez and Sarah E. Medland and Thomas Meitinger and Andres Metspalu and Joyce B. J. {van Meurs} and David Meyre and Kristian Midthjell and Evelin Mihailov and Lili Milani and Josine L. Min and Susanne Moebus and Miriam F. Moffatt and Karen L. Mohlke and Cliona Molony and Keri L. Monda and Grant W. Montgomery and Vincent Mooser and Mario A. Morken and Andrew D. Morris and Andrew P. Morris and Thomas W. M{\a`\i}hleisen and Martina M{\a`\i}ller-Nurasyid and Patricia B. Munroe and Arthur W. Musk and Narisu Narisu and Gerjan Navis and Benjamin M. Neale and Mari Nelis and James Nemesh and Matt J. Neville and Julius S. Ngwa and George Nicholson and Markku S. Nieminen and Inger Nj{\o}lstad and Ellen A. Nohr and Ilja M. Nolte and Kari E. North and Markus M. N{\"o}then and Dale R. Nyholt and Jeffrey R. O'Connell and Claes Ohlsson and Albertine J. Oldehinkel and Gert-Jan {van Ommen} and Ken K. Ong and Ben A. Oostra and Willem H. Ouwehand and Colin N. A. Palmer and Lyle J. Palmer and Aarno Palotie and Guillaume Par{\a'e} and Alex N. Parker and Lavinia Paternoster and Yudi Pawitan and Sonali Pechlivanis and John F. Peden and Nancy L. Pedersen and Oluf Pedersen and Niina Pellikka and Leena Peltonen and Brenda Penninx and Markus Perola and John R. B. Perry and Thomas Person and Annette Peters and Marjolein J. Peters and Irene Pichler and Kirsi H. Pietil{\"a}inen and Carl G. P. Platou and Ozren Polasek and Anneli Pouta and Chris Power and Peter P. Pramstaller and Michael Preuss and Jackie F. Price and Inga Prokopenko and Michael A. Province and Bruce M. Psaty and Shaun Purcell and Carolin P{\a`\i}tter and Lu Qi and Thomas Quertermous and Aparna Radhakrishnan and Olli Raitakari and Joshua C. Randall and Rainer Rauramaa and Nigel W. Rayner and Emil Rehnberg and Augusto Rendon and Martin Ridderstr\aale and Paul M. Ridker and Samuli Ripatti and Aila Rissanen and Fernando Rivadeneira and Carlo Rivolta and Neil R. Robertson and Lynda M. Rose and Igor Rudan and Timo E. Saaristo and Hendrik Sager and Veikko Salomaa and Nilesh J. Samani and Jennifer G. Sambrook and Alan R. Sanders and Camilla Sandholt and Serena Sanna and Jouko Saramies and Eric E. Schadt and Andre Scherag and Sabine Schipf and David Schlessinger and Stefan Schreiber and Heribert Schunkert and Peter E. H. Schwarz and Laura J. Scott and Jianxin Shi and So-Youn Shin and Alan R. Shuldiner and Dmitry Shungin and Stefano Signorini and Kaisa Silander and Juha Sinisalo and Boris Skrobek and Jan H. Smit and Albert Vernon Smith and George Davey Smith and Harold Snieder and Nicole Soranzo and Thorkild I. A. S{\o}rensen and Ulla Sovio and Timothy D. Spector and Elizabeth K. Speliotes and Alena Stan{\v c}{{\a'a}}kov{\a'a} and Klaus Stark and Kari Stefansson and Valgerdur Steinthorsdottir and Jonathan C. Stephens and Kathleen Stirrups and Ronald P. Stolk and David P. Strachan and Rona J. Strawbridge and Heather M. Stringham and Michael Stumvoll and Ida Surakka and Amy J. Swift and Ann-Christine Syvanen and Mari-Liis Tammesoo and Maris Teder-Laving and Tanya M. Teslovich and Alexander Teumer and Eirini V. Theodoraki and Brian Thomson and Barbara Thorand and Gudmar Thorleifsson and Unnur Thorsteinsdottir and Nicholas John Timpson and Anke T{\"o}njes and David-Alexandre Tregouet and Elena Tremoli and Mieke D. Trip and Tiinamaija Tuomi and Jaakko Tuomilehto and Jonathan Tyrer and Manuela Uda and Andr{\a'e} G. Uitterlinden and Gianluca Usala and Matti Uusitupa and Timo T. Valle and Liesbeth Vandenput and Vincent Vatin and Sailaja Vedantam and Femmie {de Vegt} and Sita H. Vermeulen and Jorma Viikari and Jarmo Virtamo and Peter M. Visscher and Veronique Vitart and Jana V. Van Vliet-Ostaptchouk and Benjamin F. Voight and Peter Vollenweider and Claudia B. Volpato and Henry V{\"o}lzke and G{\a'e}rard Waeber and Lindsay L. Waite and Henri Wallaschofski and G. Bragi Walters and Zhaoming Wang and Nicholas J. Wareham and Richard M. Watanabe and Hugh Watkins and Michael N. Weedon and Ryan Welch and Robert J. Weyant and Eleanor Wheeler and Charles C. White and H.-Erich Wichmann and Elisabeth Widen and Sarah H. Wild and Gonneke Willemsen and Cristen J. Willer and Tom Wilsgaard and James F. Wilson and Sophie {van Wingerden} and Bernhard R. Winkelmann and Thomas W. Winkler and Daniel R. Witte and Jacqueline C. M. Witteman and Bruce H. R. Wolffenbuttel and Andrew Wong and Andrew R. Wood and Tsegaselassie Workalemahu and Alan F. Wright and Jian Yang and John W. G. Yarnell and Lina Zgaga and Jing Hua Zhao and M. Carola Zillikens and Paavo Zitting and Krina T. Zondervan and Sarah E. Medland and Nicholas G. Martin and Patrik K. E. Magnusson and William G. Iacono and Matt McGue and Kari E. North and Jian Yang and Peter M. Visscher},
  month = {jan},
  year = {2017},
  pages = {0016},
}
@Article{hunley_genetic_2008,
  title = {Genetic and {{Linguistic Coevolution}} in {{Northern Island Melanesia}}},
  volume = {4},
  issn = {1553-7404},
  doi = {10.1371/journal.pgen.1000239},
  language = {en},
  number = {10},
  journal = {PLOS Genetics},
  author = {Keith Hunley and Michael Dunn and Eva Lindstr{\"o}m and Ger Reesink and Angela Terrill and Meghan E. Healy and George Koki and Fran{\c c}oise R. Friedlaender and Jonathan S. Friedlaender},
  month = {oct},
  year = {2008},
  keywords = {linguistics,genetics,islands},
  pages = {e1000239},
}

@Article{hunley_gene_2005,
  title = {Gene Flow across Linguistic Boundaries in {{Native North American}} Populations},
  volume = {102},
  copyright = {Copyright \textcopyright{} 2005, The National Academy of Sciences},
  issn = {0027-8424, 1091-6490},
  doi = {10.1073/pnas.0409301102},
  language = {en},
  number = {5},
  journal = {Proceedings of the National Academy of Sciences},
  author = {Keith Hunley and Jeffrey C. Long},
  month = {feb},
  year = {2005},
  keywords = {language and genetics,genetics},
  pages = {1312--1317},
  pmid = {15668380},
}

@Article{srithawong_genetic_2015,
  title = {Genetic and Linguistic Correlation of the {{Kra}}\textendash{}{{Dai}}-Speaking Groups in {{Thailand}}},
  volume = {60},
  copyright = {2015 Nature Publishing Group},
  issn = {1435-232X},
  doi = {10.1038/jhg.2015.32},
  language = {en},
  number = {7},
  journal = {Journal of Human Genetics},
  author = {Suparat Srithawong and Metawee Srikummool and Pittayawat Pittayaporn and Silvia Ghirotto and Panuwan Chantawannakul and Jie Sun and Arthur Eisenberg and Ranajit Chakraborty and Wibhu Kutanan},
  month = {jul},
  year = {2015},
  pages = {371--380},
}
@Article{barbujani_zones_1990,
  title = {Zones of Sharp Genetic Change in {{Europe}} Are Also Linguistic Boundaries},
  volume = {87},
  issn = {0027-8424, 1091-6490},
  language = {en},
  number = {5},
  journal = {Proceedings of the National Academy of Sciences},
  author = {G. Barbujani and R. R. Sokal},
  month = {mar},
  year = {1990},
  pages = {1816--1819},
  pmid = {2308939},
}

@Article{karafet_coevolution_2016,
  title = {Coevolution of Genes and Languages and High Levels of Population Structure among the Highland Populations of {{Daghestan}}},
  volume = {61},
  copyright = {2015 Nature Publishing Group},
  issn = {1435-232X},
  doi = {10.1038/jhg.2015.132},
  language = {en},
  number = {3},
  journal = {Journal of Human Genetics},
  author = {Tatiana M. Karafet and Kazima B. Bulayeva and Johanna Nichols and Oleg A. Bulayev and Farida Gurgenova and Jamilia Omarova and Levon Yepiskoposyan and Olga V. Savina and Barry H. Rodrigue and Michael F. Hammer},
  month = {mar},
  year = {2016},
  pages = {181--191},
}

@Article{de_filippo_y-chromosomal_2011,
  title = {Y-{{Chromosomal Variation}} in {{Sub}}-{{Saharan Africa}}: {{Insights Into}} the {{History}} of {{Niger}}-{{Congo Groups}}},
  volume = {28},
  issn = {0737-4038},
  shorttitle = {Y-{{Chromosomal Variation}} in {{Sub}}-{{Saharan Africa}}},
  doi = {10.1093/molbev/msq312},
  language = {en},
  number = {3},
  journal = {Molecular Biology and Evolution},
  author = {Cesare {de Filippo} and Chiara Barbieri and Mark Whitten and Sununguko Wata Mpoloka and Ellen Drofn Gunnarsd{\a'o}ttir and Koen Bostoen and Terry Nyambe and Klaus Beyer and Henning Schreiber and Peter {de Knijff} and Donata Luiselli and Mark Stoneking and Brigitte Pakendorf},
  month = {mar},
  year = {2011},
  pages = {1255--1269},
}
@Article{efferson_conformists_2008,
  title = {Conformists and Mavericks: The Empirics of Frequency-Dependent Cultural Transmission},
  volume = {29},
  issn = {1090-5138, 1879-0607},
  shorttitle = {Conformists and Mavericks},
  doi = {10.1016/j.evolhumbehav.2007.08.003},
  language = {English},
  number = {1},
  journal = {Evolution and Human Behavior},
  author = {Charles Efferson and Rafael Lalive and Peter J. Richerson and Richard McElreath and Mark Lubell},
  month = {jan},
  year = {2008},
  keywords = {cultural transmission,conformity},
  pages = {56--64},
}

@Article{henrich_evolution_1998,
  title = {The {{Evolution}} of {{Conformist Transmission}} and the {{Emergence}} of {{Between}}-{{Group Differences}}},
  volume = {19},
  issn = {1090-5138, 1879-0607},
  doi = {10.1016/S1090-5138(98)00018-X},
  language = {English},
  number = {4},
  journal = {Evolution and Human Behavior},
  author = {Joe Henrich and Robert Boyd},
  month = {jul},
  year = {1998},
  keywords = {cultural transmission,evolution,dual inheritance theory,conformity},
  pages = {215--241},
}
@Book{rogers_diffusion_1983,
  address = {New York, London},
  edition = {3},
  title = {Diffusion of {{Innovations}}},
  isbn = {978-0-02-926650-2},
  author = {E. M. Rogers},
  year = {1983},
  keywords = {diffusion of innovations},
}

@Article{henrich_cultural_2001,
  title = {Cultural {{Transmission}} and the {{Diffusion}} of {{Innovations}}: {{Adoption Dynamics Indicate That Biased Cultural Transmission Is}} the {{Predominate Force}} in {{Behavioral Change}}},
  volume = {103},
  issn = {1548-1433},
  shorttitle = {Cultural {{Transmission}} and the {{Diffusion}} of {{Innovations}}},
  doi = {10.1525/aa.2001.103.4.992},
  language = {en},
  number = {4},
  journal = {American Anthropologist},
  author = {Joseph Henrich},
  month = {dec},
  year = {2001},
  pages = {992--1013},
}
@Article{kendal_evolution_2009,
  title = {The Evolution of Social Learning Rules: {{Payoff}}-Biased and Frequency-Dependent Biased Transmission},
  volume = {260},
  issn = {0022-5193},
  shorttitle = {The Evolution of Social Learning Rules},
  doi = {10.1016/j.jtbi.2009.05.029},
  number = {2},
  journal = {Journal of Theoretical Biology},
  author = {Jeremy Kendal and Luc-Alain Giraldeau and Kevin Laland},
  month = {sep},
  year = {2009},
  keywords = {cultural evolution,cultural transmission,dual inheritance theory,conformity},
  pages = {210--219},
}
@Article{acerbi_biases_2014,
  title = {Biases in Cultural Transmission Shape the Turnover of Popular Traits},
  volume = {35},
  issn = {1090-5138},
  doi = {10.1016/j.evolhumbehav.2014.02.003},
  number = {3},
  journal = {Evolution and Human Behavior},
  author = {Alberto Acerbi and R. {Alexander Bentley}},
  month = {may},
  year = {2014},
  keywords = {cultural evolution,cultural transmission},
  pages = {228--236},
}

@Article{acerbi_logic_2012,
  title = {The {{Logic}} of {{Fashion Cycles}}},
  volume = {7},
  issn = {1932-6203},
  doi = {10.1371/journal.pone.0032541},
  language = {en},
  number = {3},
  journal = {PLOS ONE},
  author = {Alberto Acerbi and Stefano Ghirlanda and Magnus Enquist},
  month = {mar},
  year = {2012},
  keywords = {cultural evolution,cultural transmission,coevolution,genetics,computer simulation,demography,fashion},
  pages = {e32541},
}
@Article{henrich_evolution_2001,
  title = {The Evolution of Prestige: Freely Conferred Deference as a Mechanism for Enhancing the Benefits of Cultural Transmission},
  volume = {22},
  issn = {1090-5138},
  shorttitle = {The Evolution of Prestige},
  doi = {10.1016/S1090-5138(00)00071-4},
  number = {3},
  journal = {Evolution and Human Behavior},
  author = {Joseph Henrich and Francisco J Gil-White},
  month = {may},
  year = {2001},
  keywords = {cultural transmission,dual inheritance theory,prestige,Status},
  pages = {165--196},
}
@Article{chudek_prestige-biased_2012,
  title = {Prestige-Biased Cultural Learning: Bystander's Differential Attention to Potential Models Influences Children's Learning},
  volume = {33},
  issn = {1090-5138},
  shorttitle = {Prestige-Biased Cultural Learning},
  doi = {10.1016/j.evolhumbehav.2011.05.005},
  number = {1},
  journal = {Evolution and Human Behavior},
  author = {Maciej Chudek and Sarah Heller and Susan Birch and Joseph Henrich},
  month = {jan},
  year = {2012},
  keywords = {cultural transmission,imitation,prestige},
  pages = {46--56},
}
@Article{mesoudi_experimental_2011,
  title = {An Experimental Comparison of Human Social Learning Strategies: Payoff-Biased Social Learning Is Adaptive but Underused},
  volume = {32},
  issn = {1090-5138},
  shorttitle = {An Experimental Comparison of Human Social Learning Strategies},
  doi = {10.1016/j.evolhumbehav.2010.12.001},
  number = {5},
  journal = {Evolution and Human Behavior},
  author = {Alex Mesoudi},
  month = {sep},
  year = {2011},
  keywords = {cultural evolution,cultural transmission,conformity,mutation},
  pages = {334--342},
}

@Article{mesoudi_cultural_2008,
  title = {The {{Cultural Transmission}} of {{Great Basin Projectile}}-{{Point Technology II}}: {{An Agent}}-{{Based Computer Simulation}}},
  volume = {73},
  issn = {0002-7316, 2325-5064},
  shorttitle = {The {{Cultural Transmission}} of {{Great Basin Projectile}}-{{Point Technology II}}},
  doi = {10.1017/S0002731600047338},
  language = {en},
  number = {4},
  journal = {American Antiquity},
  author = {Alex Mesoudi and Michael J. O\&\#39 and {Brien}},
  month = {oct},
  year = {2008},
  pages = {627--644},
}
@Article{laland_niche_2006,
  title = {Niche Construction, Human Behavior, and the Adaptive-Lag Hypothesis},
  volume = {15},
  issn = {1520-6505},
  doi = {10.1002/evan.20093},
  number = {3},
  journal = {Evolutionary Anthropology: Issues, News, and Reviews},
  author = {Kevin N. Laland and Gillian R. Brown},
  year = {2006},
  keywords = {adaptation,niche construction,human behavioral ecology,evolutionary psychology},
  pages = {95--104},
  publisher = {{Wiley Subscription Services, Inc., A Wiley Company}},
}
@Article{laland_cultural_2001,
  title = {Cultural Niche Construction and Human Evolution},
  volume = {14},
  issn = {1420-9101},
  doi = {10.1046/j.1420-9101.2001.00262.x},
  language = {en},
  number = {1},
  journal = {Journal of Evolutionary Biology},
  author = {K. N. Laland and J. Odling-Smee and M. W. Feldman},
  month = {jan},
  year = {2001},
  keywords = {adaptation,niche construction,cultural transmission,dual inheritance theory,ecosystem engineering},
  pages = {22--33},
}

@Article{alberti_global_2017,
  title = {Global Urban Signatures of Phenotypic Change in Animal and Plant Populations},
  issn = {0027-8424, 1091-6490},
  doi = {10.1073/pnas.1606034114},
  language = {en},
  journal = {Proceedings of the National Academy of Sciences},
  author = {Marina Alberti and Cristian Correa and John M. Marzluff and Andrew P. Hendry and Eric P. Palkovacs and Kiyoko M. Gotanda and Victoria M. Hunt and Travis M. Apgar and Yuyu Zhou},
  month = {jan},
  year = {2017},
  keywords = {anthropocene,ecosystem function,evolutionary ecology,sustainability,urbanization},
  pages = {201606034},
  pmid = {28049817},
}
@Article{ihara_cultural_2004,
  title = {Cultural Niche Construction and the Evolution of Small Family Size},
  volume = {65},
  issn = {0040-5809},
  doi = {10.1016/j.tpb.2003.07.003},
  number = {1},
  journal = {Theoretical Population Biology},
  author = {Yasuo Ihara and Marcus {W. Feldman}},
  month = {feb},
  year = {2004},
  keywords = {cultural transmission,demography},
  pages = {105--111},
}

@Article{fogarty_role_2013,
  title = {The Role of Cultural Transmission in Human Demographic Change: {{An}} Age-Structured Model},
  volume = {88},
  issn = {0040-5809},
  shorttitle = {The Role of Cultural Transmission in Human Demographic Change},
  doi = {10.1016/j.tpb.2013.06.006},
  journal = {Theoretical Population Biology},
  author = {L. Fogarty and N. Creanza and M. W. Feldman},
  month = {sep},
  year = {2013},
  keywords = {cultural evolution,cultural transmission,demography},
  pages = {68--77},
}

@Article{borgerhoff_mulder_demographic_1998,
  title = {The Demographic Transition: Are We Any Closer to an Evolutionary Explanation?},
  volume = {13},
  issn = {0169-5347},
  shorttitle = {The Demographic Transition},
  doi = {10.1016/S0169-5347(98)01357-3},
  number = {7},
  journal = {Trends in Ecology \& Evolution},
  author = {Monique {Borgerhoff Mulder}},
  month = {jul},
  year = {1998},
  keywords = {cultural evolution,behavioral ecology,demography,evolutionary anthropology,evolutionary psychology,fitness,life history,parental investment},
  pages = {266--270},
}
@Article{barnosky_assessing_2004,
  title = {Assessing the {{Causes}} of {{Late Pleistocene Extinctions}} on the {{Continents}}},
  volume = {306},
  copyright = {American Association for the Advancement of Science},
  issn = {0036-8075, 1095-9203},
  doi = {10.1126/science.1101476},
  language = {en},
  number = {5693},
  journal = {Science},
  author = {Anthony D. Barnosky and Paul L. Koch and Robert S. Feranec and Scott L. Wing and Alan B. Shabel},
  month = {oct},
  year = {2004},
  pages = {70--75},
  pmid = {15459379},
}
@Article{bird_fire_2008,
  title = {The ``Fire Stick Farming'' Hypothesis: {{Australian Aboriginal}} Foraging Strategies, Biodiversity, and Anthropogenic Fire Mosaics},
  volume = {105},
  copyright = {\textcopyright{} 2008 by The National Academy of Sciences of the USA},
  issn = {0027-8424, 1091-6490},
  shorttitle = {The ``Fire Stick Farming'' Hypothesis},
  doi = {10.1073/pnas.0804757105},
  language = {en},
  number = {39},
  journal = {Proceedings of the National Academy of Sciences},
  author = {R. Bliege Bird and D. W. Bird and B. F. Codding and C. H. Parker and J. H. Jones},
  month = {sep},
  year = {2008},
  keywords = {subsistence,fire ecology,human behavioral ecology,hunter-gatherers},
  pages = {14796--14801},
  pmid = {18809925},
}
@Article{hardy_climatic_2010,
  title = {Climatic Variability and Plant Food Distribution in {{Pleistocene Europe}}: {{Implications}} for {{Neanderthal}} Diet and Subsistence},
  volume = {29},
  issn = {0277-3791},
  shorttitle = {Climatic Variability and Plant Food Distribution in {{Pleistocene Europe}}},
  doi = {10.1016/j.quascirev.2009.11.016},
  number = {5},
  journal = {Quaternary Science Reviews},
  author = {Bruce L. Hardy},
  month = {mar},
  year = {2010},
  pages = {662--679},
}

@Article{hockett_nutritional_2005,
  series = {Armageddon or entente? The demise of the European Neandertals in Isotope Stage 3},
  title = {Nutritional Ecology and the Human Demography of {{Neandertal}} Extinction},
  volume = {137},
  issn = {1040-6182},
  doi = {10.1016/j.quaint.2004.11.017},
  number = {1},
  journal = {Quaternary International},
  author = {Bryan Hockett and Jonathan A. Haws},
  month = {jul},
  year = {2005},
  pages = {21--34},
}

@Article{stiner_thirty_2001,
  title = {Thirty Years on the ``{{Broad Spectrum Revolution}}'' and Paleolithic Demography},
  volume = {98},
  copyright = {Copyright \textcopyright{} 2001, The National Academy of Sciences},
  issn = {0027-8424, 1091-6490},
  doi = {10.1073/pnas.121176198},
  language = {en},
  number = {13},
  journal = {Proceedings of the National Academy of Sciences},
  author = {Mary C. Stiner},
  month = {jun},
  year = {2001},
  pages = {6993--6996},
  pmid = {11390968},
}
@Article{smith_onset_2013,
  series = {When Humans Dominated the Earth: Archeological Perspectives on the Anthropocene},
  title = {The Onset of the {{Anthropocene}}},
  volume = {4},
  issn = {2213-3054},
  doi = {10.1016/j.ancene.2013.05.001},
  journal = {Anthropocene},
  author = {Bruce D. Smith and Melinda A. Zeder},
  month = {dec},
  year = {2013},
  keywords = {subsistence,niche construction},
  pages = {8--13},
}

@Article{rowley-conwy_foraging_2011,
  title = {Foraging and Farming as Niche Construction: Stable and Unstable Adaptations},
  volume = {366},
  copyright = {This journal is \textcopyright{} 2011 The Royal Society},
  issn = {0962-8436, 1471-2970},
  shorttitle = {Foraging and Farming as Niche Construction},
  doi = {10.1098/rstb.2010.0307},
  language = {en},
  number = {1566},
  journal = {Philosophical Transactions of the Royal Society of London B: Biological Sciences},
  author = {Peter Rowley-Conwy and Robert Layton},
  month = {mar},
  year = {2011},
  pages = {849--862},
  pmid = {21320899},
}
@Article{winterhalder_analyzing_2000,
  title = {Analyzing Adaptive Strategies: {{Human}} Behavioral Ecology at Twenty-Five},
  volume = {9},
  issn = {1520-6505},
  shorttitle = {Analyzing Adaptive Strategies},
  doi = {10.1002/(SICI)1520-6505(2000)9:2<51::AID-EVAN1>3.0.CO;2-7},
  language = {en},
  number = {2},
  journal = {Evolutionary Anthropology: Issues, News, and Reviews},
  author = {Bruce Winterhalder and Eric Alden Smith},
  month = {jan},
  year = {2000},
  keywords = {adaptation,behavioral ecology,human life history,reproduction,subsistence},
  pages = {51--72},
}
@Article{voland_evolutionary_1998,
  title = {Evolutionary Ecology of Human Reproduction},
  volume = {27},
  issn = {0084-6570},
  doi = {10.1146/annurev.anthro.27.1.347},
  number = {1},
  journal = {Annual Review of Anthropology},
  author = {Eckart Voland},
  month = {oct},
  year = {1998},
  pages = {347--374},
}

@Article{winterhalder_risk-senstive_1999,
  title = {Risk-Senstive Adaptive Tactics: {{Models}} and Evidence from Subsistence Studies in Biology and Anthropology},
  volume = {7},
  issn = {1059-0161, 1573-7756},
  shorttitle = {Risk-Senstive Adaptive Tactics},
  doi = {10.1007/BF02446047},
  language = {en},
  number = {4},
  journal = {Journal of Archaeological Research},
  author = {Bruce Winterhalder and Flora Lu and Bram Tucker},
  month = {dec},
  year = {1999},
  pages = {301--348},
}

@Article{kaplan_theory_2000,
  title = {A Theory of Human Life History Evolution: {{Diet}}, Intelligence, and Longevity},
  volume = {9},
  issn = {1520-6505},
  shorttitle = {A Theory of Human Life History Evolution},
  doi = {10.1002/1520-6505(2000)9:4<156::AID-EVAN5>3.0.CO;2-7},
  language = {en},
  number = {4},
  journal = {Evolutionary Anthropology: Issues, News, and Reviews},
  author = {Hillard Kaplan and Kim Hill and Jane Lancaster and A. Magdalena Hurtado},
  month = {jan},
  year = {2000},
  pages = {156--185},
}

@Article{henrich_search_2001,
  title = {In {{Search}} of {{Homo Economicus}}: {{Behavioral Experiments}} in 15 {{Small}}-{{Scale Societies}}},
  volume = {91},
  issn = {0002-8282},
  shorttitle = {In {{Search}} of {{Homo Economicus}}},
  doi = {10.1257/aer.91.2.73},
  language = {en},
  number = {2},
  journal = {American Economic Review},
  author = {Joseph Henrich and Robert Boyd and Samuel Bowles and Colin Camerer and Ernst Fehr and Herbert Gintis and Richard McElreath},
  month = {may},
  year = {2001},
  pages = {73--78},
}
@Article{stiner_tortoise_2000,
  title = {The {{Tortoise}} and the {{Hare}}: {{Small}}-{{Game Use}}, the {{Broad}}-{{Spectrum Revolution}}, and {{Paleolithic Demography}}},
  volume = {41},
  issn = {0011-3204},
  shorttitle = {The {{Tortoise}} and the {{Hare}}},
  doi = {10.1086/300102},
  number = {1},
  journal = {Current Anthropology},
  author = {Mary C. Stiner and Natalie D. Munro and Todd A. Surovell},
  month = {feb},
  year = {2000},
  pages = {39--79},
}

@Article{stiner_paleolithic_1999,
  title = {Paleolithic {{Population Growth Pulses Evidenced}} by {{Small Animal Exploitation}}},
  volume = {283},
  issn = {0036-8075, 1095-9203},
  doi = {10.1126/science.283.5399.190},
  language = {en},
  number = {5399},
  journal = {Science},
  author = {Mary C. Stiner and Natalie D. Munro and Todd A. Surovell and Eitan Tchernov and Ofer Bar-Yosef},
  month = {jan},
  year = {1999},
  pages = {190--194},
  pmid = {9880245},
}

@Article{low_population_1993,
  title = {Population, Resources, and Environment: {{Implications}} of Human Behavioral Ecology for Conservation},
  volume = {15},
  issn = {0199-0039, 1573-7810},
  shorttitle = {Population, Resources, and Environment},
  doi = {10.1007/BF02207996},
  language = {en},
  number = {1},
  journal = {Population and Environment},
  author = {Bobbi S. Low and Joel T. Heinen},
  month = {sep},
  year = {1993},
  pages = {7--41},
}

@Article{broughton_widening_1997,
  title = {Widening Diet Breadth, Declining Foraging Efficiency, and Prehistoric Harvest Pressure: Ichthyofaunal Evidence from the {{Emeryville Shellmound}}, {{California}}},
  volume = {71},
  issn = {0003-598X, 1745-1744},
  shorttitle = {Widening Diet Breadth, Declining Foraging Efficiency, and Prehistoric Harvest Pressure},
  doi = {10.1017/S0003598X0008577X},
  language = {en},
  number = {274},
  journal = {Antiquity},
  author = {Jack M. Broughton},
  month = {dec},
  year = {1997},
  pages = {845--862},
}

@Article{winterhalder_population_1988,
  title = {The Population Ecology of Hunter-Gatherers and Their Prey},
  volume = {7},
  issn = {0278-4165},
  doi = {10.1016/0278-4165(88)90001-3},
  number = {4},
  journal = {Journal of Anthropological Archaeology},
  author = {Bruce Winterhalder and William Baillargeon and Francesca Cappelletto and I. {Randolph Daniel} and Chris Prescott},
  month = {dec},
  year = {1988},
  pages = {289--328},
}

@Article{belovsky_optimal_1988,
  title = {An Optimal Foraging-Based Model of Hunter-Gatherer Population Dynamics},
  volume = {7},
  issn = {0278-4165},
  doi = {10.1016/0278-4165(88)90002-5},
  number = {4},
  journal = {Journal of Anthropological Archaeology},
  author = {Gary E. Belovsky},
  month = {dec},
  year = {1988},
  pages = {329--372},
}
@Article{hoffmann_symbolic_2018,
  title = {Symbolic Use of Marine Shells and Mineral Pigments by {{Iberian Neandertals}} 115,000 Years Ago},
  volume = {4},
  copyright = {Copyright \textcopyright{} 2018 The Authors, some rights reserved; exclusive licensee American Association for the Advancement of Science. No claim to original U.S. Government Works. Distributed under a Creative Commons Attribution NonCommercial License 4.0 (CC BY-NC).. This is an open-access article distributed under the terms of the Creative Commons Attribution-NonCommercial license, which permits use, distribution, and reproduction in any medium, so long as the resultant use is not for commercial advantage and provided the original work is properly cited.},
  issn = {2375-2548},
  doi = {10.1126/sciadv.aar5255},
  language = {en},
  number = {2},
  journal = {Science Advances},
  author = {Dirk L. Hoffmann and Diego E. Angelucci and Valent{\a'\i}n Villaverde and Josefina Zapata and Jo{\~a}o Zilh{\~a}o},
  month = {feb},
  year = {2018},
  pages = {eaar5255},
}

@Article{tuniz_did_2012,
  title = {Did {{Neanderthals Play Music}}? {{X}}-{{Ray Computed Micro}}-{{Tomography}} of the {{Divje Babe}} `{{Flute}}'*},
  volume = {54},
  issn = {1475-4754},
  shorttitle = {Did {{Neanderthals Play Music}}?},
  doi = {10.1111/j.1475-4754.2011.00630.x},
  language = {en},
  number = {3},
  journal = {Archaeometry},
  author = {C. Tuniz and F. Bernardini and I. Turk and L. Dimkaroski and L. Mancini and D. Dreossi},
  month = {jun},
  year = {2012},
  keywords = {DIVJE BABE I ‚ÄòFLUTE‚Äô,MICRO-COMPUTED TOMOGRAPHY,NEANDERTHAL},
  pages = {581--590},
}
@Article{skoglund_origins_2012,
  title = {Origins and {{Genetic Legacy}} of {{Neolithic Farmers}} and {{Hunter}}-{{Gatherers}} in {{Europe}}},
  volume = {336},
  copyright = {Copyright \textcopyright{} 2012, American Association for the Advancement of Science},
  issn = {0036-8075, 1095-9203},
  doi = {10.1126/science.1216304},
  language = {en},
  number = {6080},
  journal = {Science},
  author = {Pontus Skoglund and Helena Malmstr{\"o}m and Maanasa Raghavan and Jan Stor\aa and Per Hall and Eske Willerslev and M. Thomas P. Gilbert and Anders G{\"o}therstr{\"o}m and Mattias Jakobsson},
  month = {apr},
  year = {2012},
  pages = {466--469},
  pmid = {22539720},
}

@Article{patterson_modelling_2010,
  title = {Modelling the {{Neolithic}} Transition in a Heterogeneous Environment},
  volume = {37},
  issn = {0305-4403},
  doi = {10.1016/j.jas.2010.07.003},
  number = {11},
  journal = {Journal of Archaeological Science},
  author = {M. A. Patterson and G. R. Sarson and H. C. Sarson and A. Shukurov},
  month = {nov},
  year = {2010},
  keywords = {hunter-gatherers,demography,mathematical model,neolithic transition},
  pages = {2929--2937},
}

@Article{aoki_travelling_1996,
  title = {Travelling {{Wave Solutions}} for the {{Spread}} of {{Farmers}} into a {{Region Occupied}} by {{Hunter}}\textendash{}{{Gatherers}}},
  volume = {50},
  issn = {0040-5809},
  doi = {10.1006/tpbi.1996.0020},
  number = {1},
  journal = {Theoretical Population Biology},
  author = {Kenichi Aoki and Mitsuo Shida and Nanako Shigesada},
  month = {aug},
  year = {1996},
  pages = {1--17},
}
@Article{goldberg_ancient_2017,
  title = {Ancient {{X}} Chromosomes Reveal Contrasting Sex Bias in {{Neolithic}} and {{Bronze Age Eurasian}} Migrations},
  volume = {114},
  issn = {0027-8424, 1091-6490},
  doi = {10.1073/pnas.1616392114},
  language = {en},
  number = {10},
  journal = {Proceedings of the National Academy of Sciences},
  author = {Amy Goldberg and Torsten G{\"u}nther and Noah A. Rosenberg and Mattias Jakobsson},
  month = {mar},
  year = {2017},
  keywords = {genetics,migration,neolithic},
  pages = {2657--2662},
  pmid = {28223527},
}

@Article{allentoft_population_2015,
  title = {Population Genomics of {{Bronze Age Eurasia}}},
  volume = {522},
  copyright = {2015 Nature Publishing Group},
  issn = {1476-4687},
  doi = {10.1038/nature14507},
  language = {en},
  number = {7555},
  journal = {Nature},
  author = {Morten E. Allentoft and Martin Sikora and Karl-G{\"o}ran Sj{\"o}gren and Simon Rasmussen and Morten Rasmussen and Jesper Stenderup and Peter B. Damgaard and Hannes Schroeder and Torbj{\"o}rn Ahlstr{\"o}m and Lasse Vinner and Anna-Sapfo Malaspinas and Ashot Margaryan and Tom Higham and David Chivall and Niels Lynnerup and Lise Harvig and Justyna Baron and Philippe Della Casa and Pawe{\l} D{\k a}browski and Paul R. Duffy and Alexander V. Ebel and Andrey Epimakhov and Karin Frei and Miros{\l}aw Furmanek and Tomasz Gralak and Andrey Gromov and Stanis{\l}aw Gronkiewicz and Gisela Grupe and Tam{\a'a}s Hajdu and Rados{\l}aw Jarysz and Valeri Khartanovich and Alexandr Khokhlov and Vikt{\a'o}ria Kiss and Jan Kol{\a'a}{{\v r}} and Aivar Kriiska and Irena Lasak and Cristina Longhi and George McGlynn and Algimantas Merkevicius and Inga Merkyte and Mait Metspalu and Ruzan Mkrtchyan and Vyacheslav Moiseyev and L{\a'a}szl{\a'o} Paja and Gy{\"o}rgy P{\a'a}lfi and Dalia Pokutta and {\L}ukasz Pospieszny and T. Douglas Price and Lehti Saag and Mikhail Sablin and Natalia Shishlina and V{\a'a}clav Smr{\v c}ka and Vasilii I. Soenov and Vajk Szever{\a'e}nyi and Guszt{\a'a}v T{\a'o}th and Synaru V. Trifanova and Liivi Varul and Magdolna Vicze and Levon Yepiskoposyan and Vladislav Zhitenev and Ludovic Orlando and Thomas Sicheritz-Pont{\a'e}n and S{\o}ren Brunak and Rasmus Nielsen and Kristian Kristiansen and Eske Willerslev},
  month = {jun},
  year = {2015},
  pages = {167--172},
}
@Article{martin_health_2002,
  title = {Health Conditions before {{Columbus}}: Paleopathology of Native {{North Americans}}},
  volume = {176},
  issn = {0093-0415},
  shorttitle = {Health Conditions before {{Columbus}}},
  number = {1},
  journal = {Western Journal of Medicine},
  author = {Debra L Martin and Alan H Goodman},
  month = {jan},
  year = {2002},
  pages = {65--68},
  pmid = {11788545},
  pmcid = {PMC1071659},
}

@Article{oxenham_skeletal_2005,
  title = {Skeletal Evidence for the Emergence of Infectious Disease in Bronze and Iron Age Northern {{Vietnam}}},
  volume = {126},
  issn = {1096-8644},
  doi = {10.1002/ajpa.20048},
  language = {en},
  number = {4},
  journal = {American Journal of Physical Anthropology},
  author = {Marc F. Oxenham and Nguyen Kim Thuy and Nguyen Lan Cuong},
  month = {apr},
  year = {2005},
  keywords = {differential diagnosis,health,infectious disease,Vietnam},
  pages = {359--376},
}
@Article{alfani_plague_2013,
  title = {Plague in Seventeenth-Century {{Europe}} and the Decline of {{Italy}}: An Epidemiological Hypothesis},
  volume = {17},
  issn = {1361-4916},
  shorttitle = {Plague in Seventeenth-Century {{Europe}} and the Decline of {{Italy}}},
  doi = {10.1093/ereh/het013},
  language = {en},
  number = {4},
  journal = {European Review of Economic History},
  author = {Guido Alfani},
  month = {nov},
  year = {2013},
  pages = {408--430},
}

@Article{murray_estimation_2006,
  title = {Estimation of Potential Global Pandemic Influenza Mortality on the Basis of Vital Registry Data from the 1918\textendash{}20 Pandemic: A Quantitative Analysis},
  volume = {368},
  issn = {0140-6736},
  shorttitle = {Estimation of Potential Global Pandemic Influenza Mortality on the Basis of Vital Registry Data from the 1918\textendash{}20 Pandemic},
  doi = {10.1016/S0140-6736(06)69895-4},
  number = {9554},
  journal = {The Lancet},
  author = {Christopher JL Murray and Alan D Lopez and Brian Chin and Dennis Feehan and Kenneth H Hill},
  month = {dec},
  year = {2006},
  pages = {2211--2218},
}
@Article{enard_viruses_2016,
  title = {Viruses Are a Dominant Driver of Protein Adaptation in Mammals},
  volume = {5},
  copyright = {\textcopyright{} 2016 Enard et al.. This article is distributed under the terms of the Creative Commons Attribution License, which permits unrestricted use and redistribution provided that the original author and source are credited.},
  issn = {2050-084X},
  doi = {10.7554/eLife.12469},
  language = {en},
  journal = {eLife},
  author = {David Enard and Le Cai and Carina Gwennap and Dmitri A. Petrov},
  month = {may},
  year = {2016},
  pages = {e12469},
}

@Article{sabeti_genome-wide_2007,
  title = {Genome-Wide Detection and Characterization of Positive Selection in Human Populations},
  volume = {449},
  copyright = {2007 Nature Publishing Group},
  issn = {1476-4687},
  doi = {10.1038/nature06250},
  language = {en},
  number = {7164},
  journal = {Nature},
  author = {Pardis C. Sabeti and Patrick Varilly and Ben Fry and Jason Lohmueller and Elizabeth Hostetter and Chris Cotsapas and Xiaohui Xie and Elizabeth H. Byrne and Steven A. McCarroll and Rachelle Gaudet and Stephen F. Schaffner and Eric S. Lander and {The International HapMap Consortium}},
  month = {oct},
  year = {2007},
  pages = {913--918},
}

@Article{bustamante_natural_2005,
  title = {Natural Selection on Protein-Coding Genes in the Human Genome},
  volume = {437},
  copyright = {2005 Nature Publishing Group},
  issn = {1476-4687},
  doi = {10.1038/nature04240},
  language = {en},
  number = {7062},
  journal = {Nature},
  author = {Carlos D. Bustamante and Adi Fledel-Alon and Scott Williamson and Rasmus Nielsen and Melissa {Todd Hubisz} and Stephen Glanowski and David M. Tanenbaum and Thomas J. White and John J. Sninsky and Ryan D. Hernandez and Daniel Civello and Mark D. Adams and Michele Cargill and Andrew G. Clark},
  month = {oct},
  year = {2005},
  pages = {1153--1157},
}
@Article{tishkoff_haplotype_2001,
  title = {Haplotype {{Diversity}} and {{Linkage Disequilibrium}} at {{Human G6PD}}: {{Recent Origin}} of {{Alleles That Confer Malarial Resistance}}},
  volume = {293},
  issn = {0036-8075, 1095-9203},
  shorttitle = {Haplotype {{Diversity}} and {{Linkage Disequilibrium}} at {{Human G6PD}}},
  doi = {10.1126/science.1061573},
  language = {en},
  number = {5529},
  journal = {Science},
  author = {Sarah A. Tishkoff and Robert Varkonyi and Nelie Cahinhinan and Salem Abbes and George Argyropoulos and Giovanni Destro-Bisol and Anthi Drousiotou and Bruce Dangerfield and Gerard Lefranc and Jacques Loiselet and Anna Piro and Mark Stoneking and Antonio Tagarelli and Giuseppe Tagarelli and Elias H. Touma and Scott M. Williams and Andrew G. Clark},
  month = {jul},
  year = {2001},
  keywords = {genetics,diseases},
  pages = {455--462},
  pmid = {11423617},
}

@Article{kwiatkowski_how_2005,
  title = {How {{Malaria Has Affected}} the {{Human Genome}} and {{What Human Genetics Can Teach Us}} about {{Malaria}}},
  volume = {77},
  issn = {0002-9297},
  doi = {10.1086/432519},
  number = {2},
  journal = {The American Journal of Human Genetics},
  author = {Dominic P. Kwiatkowski},
  month = {aug},
  year = {2005},
  pages = {171--192},
}
@Article{allison_protection_1954,
  title = {Protection {{Afforded}} by {{Sickle}}-Cell {{Trait Against Subtertian Malarial Infection}}},
  volume = {1},
  issn = {0007-1447},
  number = {4857},
  journal = {British Medical Journal},
  author = {A. C. Allison},
  month = {feb},
  year = {1954},
  pages = {290--294},
  pmid = {13115700},
  pmcid = {PMC2093356},
}
@Book{durham_coevolution_1991-1,
  address = {Stanford},
  title = {Coevolution: {{Genes}}, {{Culture}}, and {{Human Diversity}}},
  isbn = {978-0-8047-2156-1},
  shorttitle = {Coevolution},
  language = {en},
  publisher = {{Stanford University Press}},
  author = {William H. Durham},
  year = {1991},
}
@Article{nunn_columbian_2010,
  title = {The {{Columbian Exchange}}: {{A History}} of {{Disease}}, {{Food}}, and {{Ideas}}},
  volume = {24},
  issn = {0895-3309},
  shorttitle = {The {{Columbian Exchange}}},
  doi = {10.1257/jep.24.2.163},
  language = {en},
  number = {2},
  journal = {Journal of Economic Perspectives},
  author = {Nathan Nunn and Nancy Qian},
  month = {jun},
  year = {2010},
  pages = {163--188},
}
@Article{mead_balancing_2003,
  title = {Balancing {{Selection}} at the {{Prion Protein Gene Consistent}} with {{Prehistoric Kurulike Epidemics}}},
  volume = {300},
  copyright = {American Association for the Advancement of Science},
  issn = {0036-8075, 1095-9203},
  doi = {10.1126/science.1083320},
  language = {en},
  number = {5619},
  journal = {Science},
  author = {Simon Mead and Michael P. H. Stumpf and Jerome Whitfield and Jonathan A. Beck and Mark Poulter and Tracy Campbell and James B. Uphill and David Goldstein and Michael Alpers and Elizabeth M. C. Fisher and John Collinge},
  month = {apr},
  year = {2003},
  pages = {640--643},
  pmid = {12690204},
}
@Book{lindenbaum_kuru_2015,
  title = {Kuru {{Sorcery}}: {{Disease}} and {{Danger}} in the {{New Guinea Highlands}}},
  isbn = {978-1-317-26472-9},
  shorttitle = {Kuru {{Sorcery}}},
  language = {en},
  publisher = {{Routledge}},
  author = {Shirley Lindenbaum},
  month = {nov},
  year = {2015},
}
@Article{walter_human_2011,
  title = {The {{Human Gut Microbiome}}: {{Ecology}} and {{Recent Evolutionary Changes}}},
  volume = {65},
  issn = {0066-4227},
  shorttitle = {The {{Human Gut Microbiome}}},
  doi = {10.1146/annurev-micro-090110-102830},
  number = {1},
  journal = {Annual Review of Microbiology},
  author = {Jens Walter and Ruth Ley},
  month = {sep},
  year = {2011},
  pages = {411--429},
}
@Book{laland_question_2009,
  address = {Cambridge, Mass.; London, England},
  title = {The Question of Animal Culture},
  isbn = {978-0-674-03126-5},
  language = {English},
  publisher = {{Harvard University Press}},
  author = {Kevin N Laland and Bennett G Galef},
  year = {2009},
  note = {OCLC: 874866117},
}

@Book{laland_question_2009,
  address = {Cambridge, Mass.; London, England},
  title = {The Question of Animal Culture},
  isbn = {978-0-674-03126-5},
  language = {English},
  publisher = {{Harvard University Press}},
  author = {Kevin N Laland and Bennett G Galef},
  year = {2009},
  note = {OCLC: 874866117},
}
@Article{gage_what_2009,
  title = {What {{Do We Know}} about the {{Agricultural Demographic Transition}}?},
  volume = {50},
  issn = {0011-3204},
  doi = {10.1086/605017},
  number = {5},
  journal = {Current Anthropology},
  author = {Timothy B. Gage and Sharon DeWitte},
  month = {oct},
  year = {2009},
  pages = {649--655},
}

@Article{bocquetappel_paleoanthropological_2002,
  title = {Paleoanthropological {{Traces}} of a {{Neolithic Demographic Transition}}},
  volume = {43},
  issn = {0011-3204},
  doi = {10.1086/342429},
  number = {4},
  journal = {Current Anthropology},
  author = {Jean-Pierre Bocquet-Appel},
  month = {aug},
  year = {2002},
  pages = {637--650},
}
@Article{colleran_cultural_2016,
  title = {The Cultural Evolution of Fertility Decline},
  volume = {371},
  copyright = {\textcopyright{} 2016 The Authors.. http://creativecommons.org/licenses/by/4.0/Published by the Royal Society under the terms of the Creative Commons Attribution License http://creativecommons.org/licenses/by/4.0/, which permits unrestricted use, provided the original author and source are credited.},
  issn = {0962-8436, 1471-2970},
  doi = {10.1098/rstb.2015.0152},
  language = {en},
  number = {1692},
  journal = {Phil. Trans. R. Soc. B},
  author = {Heidi Colleran},
  month = {apr},
  year = {2016},
  pages = {20150152},
  pmid = {27022079},
}

@Article{richerson_natural_1984,
  title = {Natural {{Selection}} and {{Culture}}},
  volume = {34},
  issn = {0006-3568},
  doi = {10.2307/1309632},
  number = {7},
  journal = {BioScience},
  author = {Peter J. Richerson and Robert Boyd},
  year = {1984},
  pages = {430--434},
}
@Article{banister_shortage_2004,
  title = {Shortage of Girls in {{China}} Today},
  volume = {21},
  issn = {1443-2447, 1835-9469},
  doi = {10.1007/BF03032209},
  language = {en},
  number = {1},
  journal = {Journal of Population Research},
  author = {Judith Banister},
  month = {mar},
  year = {2004},
  pages = {19--45},
}

@Article{tuljapurkar_high_1995,
  title = {High Sex Ratios in {{China}}'s Future},
  volume = {267},
  copyright = {\textcopyright{} 1995},
  issn = {0036-8075, 1095-9203},
  doi = {10.1126/science.7846529},
  language = {en},
  number = {5199},
  journal = {Science},
  author = {S. Tuljapurkar and N. Li and M. W. Feldman},
  month = {feb},
  year = {1995},
  pages = {874--876},
  pmid = {7846529},
}
@Article{li_cultural_2000,
  title = {Cultural {{Transmission}} in a {{Demographic Study}} of {{Sex Ratio}} at {{Birth}} in {{China}}'s {{Future}}},
  volume = {58},
  issn = {0040-5809},
  doi = {10.1006/tpbi.2000.1478},
  number = {2},
  journal = {Theoretical Population Biology},
  author = {Nan Li and Marcus W. Feldman and Shuzhuo Li},
  month = {sep},
  year = {2000},
  keywords = {cultural transmission,sex ratio at birth,son preference},
  pages = {161--172},
}
@Article{leslie_further_1948,
  title = {Some Further Notes on the Use of Matrices in Population Mathematics},
  volume = {35},
  issn = {0006-3444},
  doi = {10.1093/biomet/35.3-4.213},
  language = {en},
  number = {3-4},
  journal = {Biometrika},
  author = {P. H. Leslie},
  month = {dec},
  year = {1948},
  pages = {213--245},
}
@Misc{coratenuto_age_1989,
  title = {Age Structure in Models of Cultural Transmission. {{Working}} Paper {{No}}. 16},
  publisher = {{Morrison Institute for Population and Resource Studies, Stanford, CA}},
  author = {L. Coratenuto and M. W. Feldman and L. Cavalli-Sforza},
  year = {1989},
}
@Article{nowak_evolution_1999,
  title = {The Evolution of Language},
  volume = {96},
  copyright = {Copyright \textcopyright{} 1999, The National Academy of Sciences},
  issn = {0027-8424, 1091-6490},
  doi = {10.1073/pnas.96.14.8028},
  language = {en},
  number = {14},
  journal = {Proceedings of the National Academy of Sciences},
  author = {Martin A. Nowak and David C. Krakauer},
  month = {jul},
  year = {1999},
  pages = {8028--8033},
  pmid = {10393942},
}
@Article{rendell_cognitive_2011,
  title = {Cognitive Culture: Theoretical and Empirical Insights into Social Learning Strategies},
  volume = {15},
  issn = {1364-6613, 1879-307X},
  shorttitle = {Cognitive Culture},
  doi = {10.1016/j.tics.2010.12.002},
  language = {English},
  number = {2},
  journal = {Trends in Cognitive Sciences},
  author = {Luke Rendell and Laurel Fogarty and William J. E. Hoppitt and Thomas J. H. Morgan and Mike M. Webster and Kevin N. Laland},
  month = {feb},
  year = {2011},
  pages = {68--76},
  pmid = {21215677},
}

@Article{arbilly_arms_2014,
  title = {An Arms Race between Producers and Scroungers Can Drive the Evolution of Social Cognition},
  volume = {25},
  issn = {1045-2249},
  doi = {10.1093/beheco/aru002},
  language = {en},
  number = {3},
  journal = {Behavioral Ecology},
  author = {Michal Arbilly and Daniel B. Weissman and Marcus W. Feldman and Uri Grodzinski},
  month = {may},
  year = {2014},
  pages = {487--495},
}

@Article{rendell_rogers_2010,
  title = {Rogers' {{Paradox Recast}} and {{Resolved}}: {{Population Structure}} and the {{Evolution}} of {{Social Learning Strategies}}},
  volume = {64},
  issn = {1558-5646},
  shorttitle = {Rogers' {{Paradox Recast}} and {{Resolved}}},
  doi = {10.1111/j.1558-5646.2009.00817.x},
  language = {en},
  number = {2},
  journal = {Evolution},
  author = {Luke Rendell and Laurel Fogarty and Kevin N. Laland},
  month = {feb},
  year = {2010},
  keywords = {cultural transmission,evolution,spatial model},
  pages = {534--548},
}

@Article{enquist_evolution_2007,
  title = {Evolution of Social Learning Does Not Explain the Origin of Human Cumulative Culture},
  volume = {246},
  issn = {0022-5193},
  doi = {10.1016/j.jtbi.2006.12.022},
  number = {1},
  journal = {Journal of Theoretical Biology},
  author = {Magnus Enquist and Stefano Ghirlanda},
  month = {may},
  year = {2007},
  keywords = {cultural evolution,cultural transmission,cultural complexity},
  pages = {129--135},
}
@Article{fogarty_evolution_2011,
  title = {The {{Evolution}} of {{Teaching}}},
  volume = {65},
  issn = {1558-5646},
  doi = {10.1111/j.1558-5646.2011.01370.x},
  language = {en},
  number = {10},
  journal = {Evolution},
  author = {L. Fogarty and P. Strimling and K. N. Laland},
  month = {oct},
  year = {2011},
  keywords = {cultural transmission,evolution,cooperation,cultural complexity},
  pages = {2760--2770},
}
@Article{mulder_intergenerational_2009,
  title = {Intergenerational {{Wealth Transmission}} and the {{Dynamics}} of {{Inequality}} in {{Small}}-{{Scale Societies}}},
  volume = {326},
  copyright = {Copyright \textcopyright{} 2009, American Association for the Advancement of Science},
  issn = {0036-8075, 1095-9203},
  doi = {10.1126/science.1178336},
  language = {en},
  number = {5953},
  journal = {Science},
  author = {Monique Borgerhoff Mulder and Samuel Bowles and Tom Hertz and Adrian Bell and Jan Beise and Greg Clark and Ila Fazzio and Michael Gurven and Kim Hill and Paul L. Hooper and William Irons and Hillard Kaplan and Donna Leonetti and Bobbi Low and Frank Marlowe and Richard McElreath and Suresh Naidu and David Nolin and Patrizio Piraino and Rob Quinlan and Eric Schniter and Rebecca Sear and Mary Shenk and Eric Alden Smith and Christopher {von Rueden} and Polly Wiessner},
  month = {oct},
  year = {2009},
  pages = {682--688},
  pmid = {19900925},
}
@Article{boyd_voting_2009,
  title = {Voting with Your Feet: {{Payoff}} Biased Migration and the Evolution of Group Beneficial Behavior},
  volume = {257},
  issn = {0022-5193},
  shorttitle = {Voting with Your Feet},
  doi = {10.1016/j.jtbi.2008.12.007},
  number = {2},
  journal = {Journal of Theoretical Biology},
  author = {Robert Boyd and Peter J. Richerson},
  month = {mar},
  year = {2009},
  keywords = {cultural evolution,demography,Equilibrium selection},
  pages = {331--339},
}
@Article{seneviratne_allowable_2016,
  title = {Allowable {{CO}}{\textsubscript{2}} Emissions Based on Regional and Impact-Related Climate Targets},
  volume = {529},
  copyright = {2016 Nature Publishing Group},
  issn = {1476-4687},
  doi = {10.1038/nature16542},
  language = {en},
  number = {7587},
  journal = {Nature},
  author = {Sonia I. Seneviratne and Markus G. Donat and Andy J. Pitman and Reto Knutti and Robert L. Wilby},
  month = {jan},
  year = {2016},
  pages = {477--483},
}
@Article{garibaldi_farming_2017,
  title = {Farming {{Approaches}} for {{Greater Biodiversity}}, {{Livelihoods}}, and {{Food Security}}},
  volume = {32},
  issn = {0169-5347},
  doi = {10.1016/j.tree.2016.10.001},
  number = {1},
  journal = {Trends in Ecology \& Evolution},
  author = {Lucas A. Garibaldi and Barbara Gemmill-Herren and Raffaele D'Annolfo and Benjamin E. Graeub and Saul A. Cunningham and Tom D. Breeze},
  month = {jan},
  year = {2017},
  keywords = {agroecology,conventional intensification,ecological intensification,ecosystem services,externalities,valuation},
  pages = {68--80},
}
@Article{boni_evolution_2005,
  title = {Evolution of Antibiotic Resistance by Human and Bacterial Niche Construction},
  volume = {59},
  issn = {0014-3820},
  language = {eng},
  number = {3},
  journal = {Evolution; International Journal of Organic Evolution},
  author = {Maciej F. Boni and Marcus W. Feldman},
  month = {mar},
  year = {2005},
  keywords = {biological evolution,genetics,demography,computer simulation,bacteria,Species Specificity},
  pages = {477--491},
  pmid = {15856691},
}
@Book{hofmann_rituelle_2008,
  address = {Oldenburg},
  series = {Schriftenreihe des Landschaftsverbandes der ehemaligen Herzogt{\"u}mer Bremen und Verden},
  title = {Der Rituelle {{Umgang}} Mit Dem {{Tod}} : {{Untersuchungen}} Zu Bronze- Und Fr{\"u}heisenzeitlichen {{Brandbestattungen}} Im {{Elbe}}-{{Weser}}-{{Dreieck}}},
  isbn = {978-3-89995-574-3},
  shorttitle = {Der Rituelle {{Umgang}} Mit Dem {{Tod}}},
  number = {32},
  publisher = {{Isensee}},
  author = {Kerstin P. Hofmann},
  year = {2008},
}
@InCollection{smith_cultural_1992,
  address = {New York},
  title = {Cultural Inheritance and Evolutionary Ecology},
  isbn = {0-202-01183-6},
  language = {English},
  booktitle = {Evolutionary Ecology and Human Behavior},
  publisher = {{Aldine de Gruyter}},
  author = {Peter J. Richerson and Robert Boyd},
  editor = {Eric Alden Smith and Bruce Winterhalder},
  year = {1992},
  pages = {61-92},
  type = {Book; Book/Illustrated},
  subjects = {Human evolution -- Philosophy; Human ecology; Social evolution; Behavior evolution; Sociobiology},
  contents = {Theoretical foundations. Evolutionary ecology and the social sciences / Bruce Winterhalder and Eric Alden Smith -- Natural selection and decision-making : some fundamental principles / Eric Alden Smith and Bruce Winterhalder -- Cultural inheritance and evolutionary ecology / Peter J. Richerson and Robert Boyd -- Closest kin. Evolutionary ecology of primate social structure / Charles H. Janson -- Evolutionary ecology of fossil hominids / R.A. Foley -- Resources, work, and space. The evolutionary ecology of food acquisition / Hillard Kaplan and Kim Hill -- Time allocation / Raymond Hames -- Spatial organization and habitat use / Elizabeth Cashdan -- Reproduction and social relations. Sharing and collective action / Kristen Hawkes -- Competition, conflict, and the development of social hierarchies / James L. Boone -- Reproductive decisions / Monique Borgerhoff Mulder -- Resources and population dynamics / Alan R. Rogers},
  catalogue-url = {https://trove.nla.gov.au/work/34476580},
  note = {Includes indexes},
}
@Book{pulliam_programmed_1980,
  title = {Programmed to Learn: {{An}} Essay on the Evolution of Culture},
  isbn = {0-231-04838-6},
  publisher = {{Columbia University Press}},
  author = {H. Ronald Pulliam and Christopher Dunford},
  year = {1980},
}

@Book{lumsden_genes_1981,
  address = {Cambridge, Mass.},
  title = {Genes, Mind, and Culture: The Coevolutionary Process},
  isbn = {978-0-674-34475-4},
  shorttitle = {Genes, Mind, and Culture},
  language = {English},
  publisher = {{Harvard University Press}},
  author = {Charles J Lumsden and Edward O Wilson},
  year = {1981},
  note = {OCLC: 6982444},
}
@Article{rogers_does_1988,
  title = {Does {{Biology Constrain Culture}}?},
  volume = {90},
  issn = {0002-7294},
  doi = {10.1525/aa.1988.90.4.02a00030},
  number = {4},
  journal = {American Anthropologist},
  author = {Alan R. Rogers},
  year = {1988},
  pages = {819-831},
}
@Article{boyd_evolution_1988,
  title = {The Evolution of Reciprocity in Sizable Groups},
  volume = {132},
  issn = {0022-5193},
  doi = {10.1016/S0022-5193(88)80219-4},
  number = {3},
  journal = {Journal of Theoretical Biology},
  author = {Robert Boyd and Peter J. Richerson},
  month = {jun},
  year = {1988},
  pages = {337-356},
}
@Book{nisbett_human_1980,
  address = {New Jersey},
  title = {Human Inference: Strategies and Shortcomings of Social Judgment},
  isbn = {978-0-13-445073-5},
  shorttitle = {Human Inference},
  language = {en},
  publisher = {{Prentice-Hall}},
  author = {Richard E. Nisbett and Lee Ross},
  year = {1980},
  keywords = {Cognition,Inference,Inference (Logic),Judgment,Psychology / Cognitive Psychology,Psychology / General},
}
@Book{dabrowski_aeltere_2004,
  address = {Warszawa},
  title = {Aeltere {{Bronzezeit}} in {{Polen}} - {{Starsza}} Epoka Br{\k{a}}zu w {{Polsce}}},
  isbn = {978-83-89499-14-1},
  lccn = {GN778.22.P7 D319 2004},
  shorttitle = {\"Altere {{Bronzezeit}} in {{Polen}} =},
  publisher = {{Wydawn. Instytutu Archeologii i Etnologii PAN}},
  author = {Jan D{\k a}browski},
  year = {2004},
  keywords = {Antiquities,Bronze age,Bronze implements,Poland},
}
@InCollection{lubos_czech_2013,
  address = {Oxford},
  edition = {1},
  series = {Oxford handbooks},
  title = {The {{Czech Lands}} and {{Austria}} in the {{Bronze Age}}},
  isbn = {978-0-19-957286-1},
  lccn = {GN778.2.A1 O94 2013},
  booktitle = {The {{Oxford}} Handbook of the {{European Bronze Age}}},
  publisher = {{Oxford University Press}},
  author = {J. Lubo{\v s} and M. Sala{\v s} and A. Krenn-Leeb},
  editor = {H. Fokkens and A. F. Harding},
  year = {2013},
  keywords = {Austria and Czechia},
  pages = {787-812},
  note = {00019},
}
@InCollection{mordant_bronze_2013,
  address = {Oxford},
  edition = {1},
  series = {Oxford handbooks},
  title = {The {{Bronze Age}} in {{France}}},
  isbn = {978-0-19-957286-1},
  lccn = {GN778.2.A1 O94 2013},
  booktitle = {The {{Oxford}} Handbook of the {{European Bronze Age}}},
  publisher = {{Oxford University Press}},
  author = {C. Mordant},
  editor = {H. Fokkens and A. F. Harding},
  year = {2013},
  keywords = {Northeastern France},
  pages = {571-593},
  note = {00019},
}
@InCollection{thrane_scandinavia_2013,
  address = {Oxford},
  edition = {1},
  series = {Oxford handbooks},
  title = {Scandinavia},
  isbn = {978-0-19-957286-1},
  lccn = {GN778.2.A1 O94 2013},
  booktitle = {The {{Oxford}} Handbook of the {{European Bronze Age}}},
  publisher = {{Oxford University Press}},
  author = {H. Thrane},
  editor = {H. Fokkens and A. F. Harding},
  year = {2013},
  keywords = {Southern Scandinavia},
  pages = {746-766},
  note = {00019},
}
@InCollection{fokkens_bronze_2013,
  address = {Oxford},
  edition = {1},
  series = {Oxford handbooks},
  title = {The {{Bronze Age}} in the {{Low Countries}}},
  isbn = {978-0-19-957286-1},
  lccn = {GN778.2.A1 O94 2013},
  booktitle = {The {{Oxford}} Handbook of the {{European Bronze Age}}},
  publisher = {{Oxford University Press}},
  author = {H. Fokkens and D. Fontijn},
  editor = {H. Fokkens and A. F. Harding},
  year = {2013},
  keywords = {Benelux},
  pages = {550-570},
  note = {00019},
}
@InCollection{jockenhovel_germany_2013,
  address = {Oxford},
  edition = {1},
  series = {Oxford handbooks},
  title = {Germany in the {{Bronze Age}}},
  isbn = {978-0-19-957286-1},
  lccn = {GN778.2.A1 O94 2013},
  booktitle = {The {{Oxford}} Handbook of the {{European Bronze Age}}},
  publisher = {{Oxford University Press}},
  author = {A. Jockenh{\"o}vel},
  editor = {H. Fokkens and A. F. Harding},
  year = {2013},
  keywords = {Northern Germany,Southern Germany},
  pages = {723-745},
  note = {00019},
}
@Article{falkenstein_development_2012,
  title = {The {{Development}} of {{Burial Rites}} from the {{Tumulus}} to the {{Urnfield Culture}} in {{Southern Central Europe}}},
  volume = {58},
  copyright = {free},
  language = {eng},
  number = {1},
  journal = {MOM \'Editions},
  author = {Frank Falkenstein},
  year = {2012},
  keywords = {Southern Germany},
  pages = {329-340},
  note = {00000},
}

@InCollection{falkenstein_zum_2017,
  address = {Bonn},
  series = {UPA},
  title = {Zum {{Wandel}} Der {{Bestattungssitten}} von Der {{H\"ugelgr\"aber}}- Zur {{Urnenfelderkultur}} in {{S\"uddeutschland}}},
  number = {297},
  booktitle = {Phasen\"uberg\"ange Und {{Umbr\"uche}} Im Bronzezeitlichen {{Europa}}},
  author = {Frank Falkenstein},
  editor = {D. Brandherm and B. Nessel},
  year = {2017},
  keywords = {Southern Germany},
  pages = {77-96},
  note = {00000},
}
@InCollection{roberts_britain_2013,
  address = {Oxford},
  edition = {1},
  series = {Oxford handbooks},
  title = {Britain and {{Ireland}} in the {{Bronze Age}}: {{Farmers}} in the {{Landscape}} or {{Heroes}} on {{High Seas}}?},
  isbn = {978-0-19-957286-1},
  lccn = {GN778.2.A1 O94 2013},
  booktitle = {The {{Oxford}} Handbook of the {{European Bronze Age}}},
  publisher = {{Oxford University Press}},
  author = {B. W. Roberts},
  editor = {H. Fokkens and A. F. Harding},
  year = {2013},
  keywords = {Britain},
  pages = {531-549},
  note = {00006},
}
@InCollection{czebreszuk_bronze_2013,
  address = {Oxford},
  edition = {1},
  series = {Oxford handbooks},
  title = {The {{Bronze Age}} in the {{Polish Lands}}},
  isbn = {978-0-19-957286-1},
  lccn = {GN778.2.A1 O94 2013},
  booktitle = {The {{Oxford}} Handbook of the {{European Bronze Age}}},
  publisher = {{Oxford University Press}},
  author = {J. Czebreszuk},
  editor = {H. Fokkens and A. F. Harding},
  year = {2013},
  keywords = {Poland},
  pages = {767-786},
  note = {00019},
}
@Misc{kneisel_radon-b_2013,
  title = {Radon-{{B}}},
  howpublished = {http://radon-b.ufg.uni-kiel.de.},
  author = {Jutta Kneisel and Martin Hinz and Christoph Rinne},
  year = {2013},
}
@Article{martin_hinz_radon_2012,
  title = {{{RADON}} - {{Radiocarbon}} Dates Online 2012. {{Central European}} Database of {{14C}} Dates for the {{Neolithic}} and {{Early Bronze Age}}.},
  journal = {www.jungsteinsite.de},
  author = {{Martin Hinz} and {Martin Furholt} and {Johannes M{\"u}ller} and {Dirk Raetzel-Fabian} and {Christoph Rinne} and {Karl-G{\"o}ran Sj{\"o}gren} and {Hans-Peter Wotzka}},
  year = {2012},
  pages = {1-4},
}

@Misc{noauthor_evolutionismus_1986,
  address = {Mannheim},
  edition = {19},
  title = {Evolutionismus},
  isbn = {978-3-7653-1100-0 978-3-7653-1200-7 978-3-7653-1131-4},
  lccn = {AE27 .B922 1986},
  shorttitle = {Brockhaus {{Enzyklop\"adie}}},
  journal = {Brockhaus Enzyklop\"adie: in vierundzwanzig B\"anden},
  publisher = {{F.A. Brockhaus}},
  year = {1986},
  keywords = {Encyclopedias and dictionaries; German},
  pages = {691},
}

@InCollection{pigliucci_elements_2010,
  address = {Cambridge},
  title = {Elements of an {{Extended Evolutionary Synthesis}}},
  isbn = {978-0-262-31514-2},
  booktitle = {Evolution - the {{Extended Synthesis}}},
  publisher = {{The MIT Press}},
  author = {Massimo Pigliucci and Gerd B. M{\"u}ller},
  editor = {Massimo Pigliucci and Gerd B. M{\"u}ller},
  year = {2010},
  pages = {3-18}
}
